,name,surname,address,postal_code,city,province,timestamp,type,amount_kg,price_kg,sales_amount
0,Cleo,Melendez,"Calle U, nº 377",44175,Orrios,Teruel,2022-05-10 20:23:47,8,1.25,24.8,31.0
1,Haley,Rivas,"Calle K, nº 369",19095,Condemios de Abajo,Guadalajara,2022-02-25 12:22:12,8,0.75,29.2,21.9
2,Andrew,Whitley,"Calle M, nº 196",47073,Herrín de Campos,Valladolid,2022-10-16 04:38:07,8,0.75,25.7,19.275
3,Galvin,Houston,"Calle G, nº 355",19166,Málaga del Fresno,Guadalajara,2022-08-31 17:58:53,8,5.0,20.3,101.5
4,Hu,Brock,"Calle T, nº 300",39058,Rasines,Cantabria,2022-05-16 07:25:14,8,3.0,27.6,82.80000000000001
5,Damian,Yang,"Calle V, nº 22",48913,Zierbena,Bizkaia,2022-06-13 02:00:27,8,4.0,28.7,114.8
6,Jason,Harding,"Calle Z, nº 89",32069,Ribadavia,Ourense,2022-03-28 07:14:15,8,4.0,17.0,68.0
7,Amir,Barnes,"Calle D, nº 52",49024,"Bóveda de Toro, La",Zamora,2022-03-23 03:52:27,8,2.0,28.1,56.2
8,Alma,Watts,"Calle B, nº 342",49097,Justel,Zamora,2022-05-15 05:01:59,8,3.0,34.1,102.30000000000001
9,Rhoda,Mason,"Calle K, nº 266",18137,Montillana,Granada,2022-12-23 09:45:55,8,1.25,22.1,27.625
10,Dean,Blair,"Calle V, nº 33",22150,Loporzano,Huesca,2022-08-26 08:48:42,8,4.0,15.9,63.6
11,Naida,Rogers,"Calle L, nº 325",35033,Vega de San Mateo,Las Palmas,2022-01-07 11:08:29,8,2.0,29.8,59.6
12,Isaac,Dotson,"Calle J, nº 378",32035,"Irixo, O",Ourense,2022-05-01 16:34:30,8,1.5,29.3,43.95
13,Tanner,Bailey,"Calle K, nº 125",49032,Calzadilla de Tera,Zamora,2022-09-05 16:04:29,8,1.0,19.1,19.1
14,Alec,Fleming,"Calle S, nº 113",47008,Almenara de Adaja,Valladolid,2022-10-19 02:41:33,8,5.0,32.2,161.0
15,Thomas,Pena,"Calle F, nº 76",28001,"Acebeda, La",Madrid,2022-02-04 00:42:30,8,5.0,29.9,149.5
16,Octavius,Snow,"Calle R, nº 220",50122,Grisel,Zaragoza,2022-06-11 05:57:54,8,1.5,20.9,31.349999999999998
17,Uma,Wilkins,"Calle A, nº 82",39017,Campoo de Yuso,Cantabria,2022-10-21 11:10:45,8,0.75,29.8,22.35
18,Kenneth,Glover,"Calle N, nº 69",48039,Garai,Bizkaia,2022-02-09 21:35:00,8,1.0,18.7,18.7
19,Priscilla,Wilson,"Calle I, nº 348",45014,Añover de Tajo,Toledo,2022-09-30 23:18:23,8,0.75,18.6,13.950000000000001
20,Kane,Frazier,"Calle V, nº 286",17203,Ultramort,Girona,2022-03-20 21:30:02,8,1.0,19.5,19.5
21,Keith,Bolton,"Calle R, nº 213",19147,Huérmeces del Cerro,Guadalajara,2022-04-10 09:10:29,8,0.75,21.9,16.424999999999997
22,Craig,Waters,"Calle Q, nº 269",11027,"Puerto de Santa María, El",Cádiz,2022-03-19 11:39:27,8,1.25,15.4,19.25
23,Brent,Rosa,"Calle M, nº 245",31169,Milagro,Navarra,2022-08-10 18:48:41,8,2.0,16.0,32.0
24,Samson,Fulton,"Calle F, nº 222",52001,Melilla,Melilla,2022-02-28 06:30:16,8,1.25,27.5,34.375
25,Silas,Newman,"Calle D, nº 205",20019,Beasain,Gipuzkoa,2022-09-05 10:43:48,8,2.0,24.6,49.2
26,Hop,Alvarez,"Calle Z, nº 317",24107,Pajares de los Oteros,León,2022-08-07 09:14:04,8,3.0,24.6,73.80000000000001
27,Phelan,Mays,"Calle Y, nº 45",06084,Mirandilla,Badajoz,2022-12-05 18:43:50,8,3.0,22.0,66.0
28,Renee,Hopper,"Calle F, nº 249",02071,San Pedro,Albacete,2022-02-13 10:46:21,8,1.0,34.1,34.1
29,Brynn,Marsh,"Calle T, nº 33",05257,Villafranca de la Sierra,Ávila,2022-03-21 05:00:55,8,2.0,27.5,55.0
30,Tate,Dale,"Calle L, nº 200",46192,Petrés,Valencia,2022-10-29 23:50:49,8,0.75,22.0,16.5
31,Joseph,Christensen,"Calle R, nº 119",40129,Montejo de Arévalo,Segovia,2022-01-28 08:23:29,8,0.25,34.8,8.7
32,Asher,Cox,"Calle U, nº 375",39090,Udías,Cantabria,2022-11-20 05:28:36,8,1.0,20.7,20.7
33,Hedy,Brewer,"Calle U, nº 145",23054,Larva,Jaén,2022-07-21 20:47:22,8,5.0,24.0,120.0
34,Elijah,Hays,"Calle D, nº 347",17112,Ogassa,Girona,2022-05-22 04:15:10,8,1.0,30.8,30.8
35,Claudia,Le,"Calle B, nº 319",17086,"Jonquera, La",Girona,2022-05-16 13:24:24,8,1.25,23.4,29.25
36,Bell,Scott,"Calle B, nº 161",41071,Paradas,Sevilla,2022-01-19 19:04:29,8,0.25,26.6,6.65
37,Dale,George,"Calle Y, nº 341",16008,Alcalá de la Vega,Cuenca,2022-02-16 05:20:25,8,2.0,33.5,67.0
38,Bert,Cain,"Calle R, nº 60",16132,Mota de Altarejos,Cuenca,2022-09-03 17:37:21,8,3.0,20.0,60.0
39,Coby,Huber,"Calle V, nº 167",12033,Cabanes,Castellón,2022-11-13 01:48:54,8,1.25,26.7,33.375
40,Zachery,Humphrey,"Calle A, nº 360",10147,Piornal,Cáceres,2022-08-13 22:41:39,8,0.75,24.2,18.15
41,Quyn,Grimes,"Calle X, nº 46",49207,Santovenia,Zamora,2022-12-21 06:33:48,8,2.0,34.5,69.0
42,Bruce,Ortega,"Calle M, nº 77",18023,Baza,Granada,2022-11-11 18:47:02,8,1.25,27.1,33.875
43,Clio,Vincent,"Calle B, nº 121",37101,Cerralbo,Salamanca,2022-09-10 23:26:55,8,0.5,22.0,11.0
44,Ferdinand,Foreman,"Calle X, nº 58",24134,"Robla, La",León,2022-09-10 07:18:24,8,1.5,33.9,50.849999999999994
45,Shellie,Cortez,"Calle U, nº 122",43071,Horta de Sant Joan,Tarragona,2022-08-23 21:37:02,8,0.5,17.8,8.9
46,David,Blackburn,"Calle J, nº 105",08167,Polinyà,Barcelona,2022-03-26 06:34:21,8,1.0,22.3,22.3
47,Kathleen,Wilkinson,"Calle R, nº 329",08211,Sant Feliu de Llobregat,Barcelona,2022-10-09 22:25:47,8,4.0,30.9,123.6
48,Martin,Sims,"Calle J, nº 257",09464,Villatuelda,Burgos,2022-02-03 14:37:06,8,2.0,24.3,48.6
49,Medge,Huff,"Calle X, nº 317",49105,Maire de Castroponce,Zamora,2022-08-24 02:30:11,8,4.0,26.3,105.2
50,Reese,Morgan,"Calle K, nº 55",29086,Sayalonga,Málaga,2022-02-17 22:48:11,8,0.75,32.4,24.299999999999997
51,Buffy,Leonard,"Calle Q, nº 334",44141,Lledó,Teruel,2022-07-09 15:36:45,8,2.0,23.1,46.2
52,Amity,Shepherd,"Calle I, nº 19",03135,"Vall d'Ebo, la",Alicante,2022-02-04 20:13:00,8,1.5,23.9,35.849999999999994
53,Carol,English,"Calle W, nº 347",24176,Valdefuentes del Páramo,León,2022-05-25 19:41:09,8,0.75,19.5,14.625
54,Yuli,Bates,"Calle U, nº 347",46103,Quartell,Valencia,2022-09-27 21:00:16,8,2.0,31.5,63.0
55,Adam,Moore,"Calle U, nº 391",13062,Picón,Ciudad Real,2022-10-31 20:22:50,8,2.0,31.2,62.4
56,Aristotle,Rivers,"Calle E, nº 146",44002,Abejuela,Teruel,2022-02-27 03:24:49,8,2.0,19.8,39.6
57,Ayanna,Cantu,"Calle V, nº 23",45079,"Iglesuela del Tiétar, La",Toledo,2022-06-27 17:16:37,8,0.5,24.1,12.05
58,Xena,Horne,"Calle H, nº 179",50105,Fayón,Zaragoza,2022-02-06 05:00:16,8,1.5,21.4,32.099999999999994
59,Barry,Cleveland,"Calle N, nº 336",17094,Llívia,Girona,2022-07-16 00:39:59,8,2.0,34.8,69.6
60,Josephine,Perkins,"Calle O, nº 254",40074,Escarabajosa de Cabezas,Segovia,2022-07-29 08:00:05,8,2.0,24.4,48.8
61,Bethany,Norman,"Calle L, nº 313",16043,Campillos-Paravientos,Cuenca,2022-02-21 15:55:29,8,1.0,24.0,24.0
62,Madeline,Vega,"Calle Y, nº 190",02016,Bienservida,Albacete,2022-12-08 13:01:29,8,1.25,19.7,24.625
63,Jamal,Solis,"Calle F, nº 386",49173,Rábano de Aliste,Zamora,2022-03-22 01:55:14,8,3.0,19.2,57.599999999999994
64,Gavin,Beasley,"Calle B, nº 46",43142,Sarral,Tarragona,2022-03-02 23:49:18,8,1.25,32.2,40.25
65,Clayton,Espinoza,"Calle P, nº 58",26178,Viniegra de Abajo,La Rioja,2022-11-26 05:58:34,8,1.25,31.5,39.375
66,Fuller,Chase,"Calle Q, nº 77",44148,Mezquita de Jarque,Teruel,2022-10-03 06:33:21,8,3.0,27.4,82.19999999999999
67,Ursula,Riddle,"Calle F, nº 400",28150,Torrejón de Velasco,Madrid,2022-07-08 19:11:47,8,1.0,33.3,33.3
68,Octavia,Shepard,"Calle S, nº 162",10161,Ruanes,Cáceres,2022-05-14 23:58:07,8,4.0,26.9,107.6
69,Amir,Malone,"Calle N, nº 29",29054,Fuengirola,Málaga,2022-04-08 10:11:32,8,2.0,23.6,47.2
70,Luke,Harding,"Calle I, nº 14",44226,Torrelacárcel,Teruel,2022-01-21 23:00:42,8,4.0,17.6,70.4
71,Russell,Carson,"Calle C, nº 36",01023,Elvillar/Bilar,Álava,2022-07-24 00:44:21,8,4.0,30.1,120.4
72,William,Peck,"Calle X, nº 298",45143,Quismondo,Toledo,2022-02-24 09:11:01,8,3.0,23.2,69.6
73,Isaac,Bradshaw,"Calle X, nº 323",18154,"Peza, La",Granada,2022-09-12 12:07:34,8,1.25,28.3,35.375
74,Erich,Page,"Calle T, nº 16",08111,Malla,Barcelona,2022-12-16 00:56:39,8,1.25,26.0,32.5
75,Solomon,Huber,"Calle U, nº 66",46235,Sueca,Valencia,2022-08-14 20:16:40,8,2.0,28.6,57.2
76,Judah,Rocha,"Calle W, nº 66",17036,Campdevànol,Girona,2022-10-06 05:33:53,8,2.0,24.3,48.6
77,Sierra,Guzman,"Calle S, nº 324",16191,San Lorenzo de la Parrilla,Cuenca,2022-04-08 11:50:36,8,3.0,33.3,99.89999999999999
78,Finn,Roberts,"Calle S, nº 166",37351,Villaflores,Salamanca,2022-09-20 01:37:09,8,0.5,25.0,12.5
79,Cooper,Pace,"Calle X, nº 313",29077,Parauta,Málaga,2022-11-17 00:31:40,8,1.25,26.6,33.25
80,Carolyn,Conner,"Calle D, nº 11",08174,Puigdàlber,Barcelona,2022-02-21 06:42:55,8,0.75,21.8,16.35
81,Desiree,Bush,"Calle A, nº 24",34053,Castromocho,Palencia,2022-12-03 13:08:33,8,4.0,30.0,120.0
82,Walter,Burt,"Calle P, nº 314",31123,Uharte Arakil,Navarra,2022-03-26 05:44:05,8,1.0,19.3,19.3
83,Francis,Mann,"Calle N, nº 177",18185,Ventas de Huelma,Granada,2022-07-23 14:00:39,8,1.5,24.7,37.05
84,Ingrid,Peck,"Calle N, nº 112",25118,Juncosa,Lleida,2022-05-16 17:26:56,8,3.0,23.2,69.6
85,Brenna,Simmons,"Calle Z, nº 116",30030,Murcia,Murcia,2022-02-13 11:54:09,8,4.0,34.3,137.2
86,Kevin,Holcomb,"Calle N, nº 348",45095,"Mata, La",Toledo,2022-09-21 18:43:22,8,0.5,19.8,9.9
87,Beverly,Lang,"Calle Y, nº 59",42132,Noviercas,Soria,2022-11-24 01:17:50,8,1.5,19.8,29.700000000000003
88,Troy,Carson,"Calle C, nº 212",44257,Villar del Cobo,Teruel,2022-11-06 19:36:03,8,1.25,31.8,39.75
89,Simone,Farrell,"Calle T, nº 215",50229,Ruesca,Zaragoza,2022-03-16 22:56:28,8,0.25,15.3,3.825
90,Preston,Marsh,"Calle G, nº 120",10034,Cabezabellosa,Cáceres,2022-11-23 21:08:58,8,1.0,19.2,19.2
91,Karen,Harding,"Calle G, nº 144",08118,"Masnou, El",Barcelona,2022-10-25 13:48:14,8,3.0,18.8,56.400000000000006
92,Hadassah,Gates,"Calle M, nº 143",20035,Ezkio-Itsaso,Gipuzkoa,2022-07-23 14:23:22,8,2.0,23.5,47.0
93,Dawn,Gardner,"Calle X, nº 229",25239,"Valls de Valira, Les",Lleida,2022-06-23 05:02:29,8,1.0,24.8,24.8
94,Wallace,Weber,"Calle I, nº 366",49127,Morales del Vino,Zamora,2022-03-14 21:49:08,8,1.25,26.2,32.75
95,Hilary,Horne,"Calle V, nº 140",16025,Arrancacepas,Cuenca,2022-02-25 02:36:29,8,4.0,18.0,72.0
96,Zia,Whitney,"Calle E, nº 172",23029,Chiclana de Segura,Jaén,2022-04-14 13:32:02,8,4.0,26.4,105.6
97,Charity,Frank,"Calle S, nº 387",40063,Cuéllar,Segovia,2022-12-21 19:05:25,8,5.0,21.0,105.0
98,Hall,Weiss,"Calle F, nº 118",48904,Sondika,Bizkaia,2022-01-07 17:57:26,8,0.75,16.4,12.299999999999999
99,Lionel,Rowland,"Calle F, nº 233",26126,Robres del Castillo,La Rioja,2022-08-31 12:38:54,8,1.5,22.6,33.900000000000006
100,Garrett,Holt,"Calle I, nº 172",06029,Campillo de Llerena,Badajoz,2022-08-18 19:56:41,8,0.5,18.9,9.45
101,Bethany,Parks,"Calle M, nº 102",28025,Brea de Tajo,Madrid,2022-06-18 11:16:29,8,3.0,22.7,68.1
102,Hadley,Perry,"Calle R, nº 228",04004,Albanchez,Almería,2022-12-11 02:15:22,8,4.0,25.8,103.2
103,Luke,Mclaughlin,"Calle W, nº 92",08226,Sant Martí de Tous,Barcelona,2022-01-27 01:16:03,8,0.25,17.2,4.3
104,Karina,Brown,"Calle L, nº 206",24154,Santa Elena de Jamuz,León,2022-12-27 23:34:30,8,0.5,30.5,15.25
105,Tana,Roth,"Calle C, nº 104",03113,Rojales,Alicante,2022-11-23 18:17:40,8,1.0,32.9,32.9
106,Madeline,Carney,"Calle N, nº 221",49088,Gamones,Zamora,2022-11-06 23:18:09,8,1.0,31.4,31.4
107,Tamekah,Cardenas,"Calle Y, nº 252",06005,"Albuera, La",Badajoz,2022-05-13 12:38:15,8,0.75,20.9,15.674999999999999
108,Savannah,Mcclure,"Calle X, nº 384",17078,Ger,Girona,2022-09-25 19:42:58,8,0.75,27.2,20.4
109,Hasad,Holmes,"Calle Y, nº 45",17178,Sant Pere Pescador,Girona,2022-12-15 20:09:51,8,3.0,24.5,73.5
110,Perry,Marshall,"Calle F, nº 241",32077,Sandiás,Ourense,2022-07-20 17:37:21,8,5.0,20.5,102.5
111,Baxter,Palmer,"Calle S, nº 92",37091,Casillas de Flores,Salamanca,2022-02-09 04:58:20,8,4.0,33.5,134.0
112,Nevada,Hunt,"Calle G, nº 213",45191,Villamuelas,Toledo,2022-11-26 20:39:55,8,1.5,22.8,34.2
113,Thaddeus,Gill,"Calle G, nº 114",09162,Hontoria de la Cantera,Burgos,2022-03-01 17:12:08,8,1.25,31.7,39.625
114,Malcolm,Bauer,"Calle X, nº 335",49156,Pinilla de Toro,Zamora,2022-04-27 09:43:03,8,2.0,26.4,52.8
115,Zia,Meadows,"Calle J, nº 149",16060,Casas de Benítez,Cuenca,2022-04-08 19:14:37,8,1.5,25.7,38.55
116,Keiko,Baker,"Calle J, nº 205",37168,Lagunilla,Salamanca,2022-03-30 08:34:24,8,0.25,23.5,5.875
117,Ryder,Griffith,"Calle Y, nº 104",50031,Aranda de Moncayo,Zaragoza,2022-02-01 13:55:46,8,2.0,20.7,41.4
118,Adele,Short,"Calle V, nº 334",28052,Chinchón,Madrid,2022-04-15 07:28:00,8,0.75,30.6,22.950000000000003
119,Kiona,Craft,"Calle L, nº 226",45063,Espinoso del Rey,Toledo,2022-09-30 04:37:02,8,0.5,17.1,8.55
120,Justine,Cervantes,"Calle Z, nº 298",37160,Hinojosa de Duero,Salamanca,2022-03-14 10:14:51,8,1.5,29.7,44.55
121,Clio,Bell,"Calle J, nº 307",21023,"Cerro de Andévalo, El",Huelva,2022-01-01 05:42:44,8,1.5,17.8,26.700000000000003
122,Constance,Fuentes,"Calle V, nº 22",20057,Mutiloa,Gipuzkoa,2022-02-20 19:44:35,8,0.25,34.9,8.725
123,Ori,Larson,"Calle T, nº 124",07902,"Migjorn Gran, Es",Baleares,2022-11-30 08:00:40,8,1.0,26.6,26.6
124,Micah,Buckner,"Calle U, nº 283",10010,Alcuéscar,Cáceres,2022-04-12 09:54:03,8,1.5,22.0,33.0
125,Kadeem,Pate,"Calle Y, nº 284",43079,Masllorenç,Tarragona,2022-06-15 21:20:46,8,2.0,17.3,34.6
126,Rogan,Landry,"Calle U, nº 94",37236,Pedrosillo de Alba,Salamanca,2022-08-12 02:37:16,8,1.25,33.2,41.5
127,Sandra,Young,"Calle F, nº 356",23047,"Iruela, La",Jaén,2022-10-22 14:31:07,8,0.5,21.2,10.6
128,Azalia,Pittman,"Calle W, nº 295",25903,"Guingueta d'Àneu, La",Lleida,2022-08-05 07:17:11,8,1.5,30.2,45.3
129,August,Marks,"Calle U, nº 15",42212,Villasayas,Soria,2022-08-24 09:45:42,8,0.5,27.1,13.55
130,Yen,Vincent,"Calle G, nº 156",10200,Valdelacasa de Tajo,Cáceres,2022-10-31 18:14:42,8,0.75,31.5,23.625
131,Yoshi,Avery,"Calle O, nº 115",37325,"Tornadizo, El",Salamanca,2022-12-05 16:50:30,8,1.25,33.7,42.125
132,Clare,Combs,"Calle L, nº 139",44052,Calomarde,Teruel,2022-01-19 07:15:12,8,1.5,26.9,40.349999999999994
133,Priscilla,Blake,"Calle G, nº 193",04062,Macael,Almería,2022-03-04 10:10:14,8,3.0,20.4,61.199999999999996
134,Maxwell,Carter,"Calle S, nº 294",32045,Maside,Ourense,2022-04-06 15:38:56,8,1.0,26.0,26.0
135,Athena,Michael,"Calle E, nº 35",48026,Dima,Bizkaia,2022-10-02 16:07:34,8,1.5,34.0,51.0
136,Ryder,Mack,"Calle A, nº 320",37127,Espeja,Salamanca,2022-01-31 16:52:33,1,0.5,34.8,17.4
137,Eagan,Suarez,"Calle L, nº 164",50286,Villalba de Perejil,Zaragoza,2022-11-02 03:16:39,1,1.0,31.4,31.4
138,Kimberly,Farmer,"Calle K, nº 229",48079,Errigoiti,Bizkaia,2022-02-22 12:09:00,1,0.75,24.2,18.15
139,Mona,Frank,"Calle H, nº 196",46203,"Pobla Llarga, la",Valencia,2022-05-06 22:54:48,1,4.0,20.5,82.0
140,Steel,Johnston,"Calle Q, nº 63",02048,Minaya,Albacete,2022-10-27 08:27:52,1,0.5,29.1,14.55
141,Zane,Weaver,"Calle G, nº 33",17070,Fontanilles,Girona,2022-03-25 05:20:03,1,0.5,30.7,15.35
142,Adena,Barrera,"Calle P, nº 193",26018,Arnedo,La Rioja,2022-09-11 20:31:36,1,4.0,24.4,97.6
143,Meredith,Velasquez,"Calle D, nº 301",09433,Villagalijo,Burgos,2022-06-21 07:08:59,1,0.75,20.7,15.524999999999999
144,August,Jarvis,"Calle D, nº 395",04069,Olula del Río,Almería,2022-10-14 19:36:25,1,1.25,17.7,22.125
145,Diana,Rodriguez,"Calle G, nº 376",48051,Lanestosa,Bizkaia,2022-08-23 03:42:44,1,1.5,23.8,35.7
146,Penelope,Adkins,"Calle I, nº 121",16251,Villanueva de la Jara,Cuenca,2022-10-11 08:05:28,1,1.25,23.5,29.375
147,Sean,Roy,"Calle U, nº 111",42082,Estepa de San Juan,Soria,2022-04-16 23:18:13,1,0.25,15.2,3.8
148,Tucker,Dillon,"Calle A, nº 195",03117,Sanet y Negrals,Alicante,2022-12-02 20:52:22,1,5.0,27.4,137.0
149,Justin,Goodwin,"Calle Z, nº 133",28141,Sevilla la Nueva,Madrid,2022-08-09 01:26:40,1,1.5,19.5,29.25
150,Adam,Barrett,"Calle K, nº 193",27045,Pedrafita do Cebreiro,Lugo,2022-12-20 09:28:33,1,0.75,30.4,22.799999999999997
151,Axel,Houston,"Calle B, nº 77",18005,Albuñán,Granada,2022-03-14 15:11:21,1,0.75,25.3,18.975
152,Howard,Ortiz,"Calle R, nº 10",16906,"Valdecolmenas, Los",Cuenca,2022-04-06 21:19:59,1,5.0,30.9,154.5
153,Ifeoma,House,"Calle W, nº 291",07064,"Castell, Es",Baleares,2022-06-28 17:19:37,1,1.0,15.1,15.1
154,Kane,Brady,"Calle D, nº 55",24082,Hospital de Órbigo,León,2022-12-28 10:40:29,1,1.25,34.9,43.625
155,Colton,Hill,"Calle A, nº 116",49059,Cuelgamures,Zamora,2022-11-11 22:01:21,1,0.75,21.6,16.200000000000003
156,Dorian,Schultz,"Calle N, nº 301",03010,Alfafara,Alicante,2022-07-24 10:06:33,1,2.0,31.9,63.8
157,Zenaida,Jefferson,"Calle W, nº 319",46065,Beniparrell,Valencia,2022-04-17 22:32:17,1,0.25,22.6,5.65
158,Laura,Lewis,"Calle D, nº 26",25057,"Bòrdes, Es",Lleida,2022-07-19 21:03:31,1,4.0,17.8,71.2
159,Armando,Sparks,"Calle L, nº 22",19226,Prádena de Atienza,Guadalajara,2022-07-28 06:44:05,1,1.0,31.5,31.5
160,Jack,Lewis,"Calle J, nº 34",47032,Camporredondo,Valladolid,2022-09-18 06:09:59,1,0.5,16.7,8.35
161,Nevada,Holland,"Calle K, nº 168",43907,"Canonja, La",Tarragona,2022-08-08 21:30:09,1,1.0,16.8,16.8
162,Jemima,Clayton,"Calle X, nº 237",48092,Bedia,Bizkaia,2022-12-24 01:46:38,1,2.0,28.2,56.4
163,Lee,Bartlett,"Calle K, nº 51",48045,Güeñes,Bizkaia,2022-10-28 03:52:10,1,4.0,28.4,113.6
164,Baxter,Lloyd,"Calle B, nº 54",28117,Prádena del Rincón,Madrid,2022-05-04 11:53:51,1,3.0,19.0,57.0
165,Jennifer,Hunt,"Calle J, nº 283",16034,Belmontejo,Cuenca,2022-09-06 18:27:16,1,0.5,32.4,16.2
166,Elizabeth,Guzman,"Calle B, nº 313",50277,Valtorres,Zaragoza,2022-04-11 03:47:22,1,1.0,31.2,31.2
167,Steel,Atkinson,"Calle H, nº 114",09223,Monasterio de la Sierra,Burgos,2022-04-06 16:59:57,1,0.75,25.9,19.424999999999997
168,Herman,Fisher,"Calle S, nº 316",42202,Velilla de los Ajos,Soria,2022-10-24 14:53:28,1,2.0,16.1,32.2
169,Felix,Hobbs,"Calle X, nº 363",46002,Ador,Valencia,2022-12-26 08:41:05,1,4.0,16.9,67.6
170,Buffy,Navarro,"Calle A, nº 192",21063,San Bartolomé de la Torre,Huelva,2022-07-13 12:43:41,1,1.25,26.1,32.625
171,Yuli,Rivera,"Calle O, nº 66",37184,Masueco,Salamanca,2022-09-13 01:01:59,1,1.25,33.6,42.0
172,Regan,Potts,"Calle E, nº 185",08052,Castellar de n'Hug,Barcelona,2022-09-15 18:33:26,1,5.0,27.7,138.5
173,Sybil,Saunders,"Calle G, nº 381",28109,Pelayos de la Presa,Madrid,2022-11-13 00:43:56,1,1.0,31.4,31.4
174,Brady,Collins,"Calle W, nº 93",19066,Cañizar,Guadalajara,2022-09-16 13:28:32,1,2.0,31.8,63.6
175,Jeanette,Stein,"Calle O, nº 89",37244,Peñacaballera,Salamanca,2022-03-08 13:46:25,1,1.25,21.3,26.625
176,Cairo,Meadows,"Calle P, nº 296",31083,Echarri/Etxarri,Navarra,2022-05-23 20:22:33,1,3.0,16.3,48.900000000000006
177,Stuart,Klein,"Calle A, nº 285",11011,"Bosque, El",Cádiz,2022-06-20 14:16:57,1,0.25,25.1,6.275
178,Cruz,Compton,"Calle C, nº 142",05140,Muñomer del Peco,Ávila,2022-04-15 08:35:41,1,1.0,28.4,28.4
179,Derek,Garrett,"Calle T, nº 312",16211,Torrejoncillo del Rey,Cuenca,2022-07-01 00:15:21,1,1.5,17.2,25.799999999999997
180,Noble,Finch,"Calle C, nº 317",17163,Sant Gregori,Girona,2022-12-16 06:43:48,1,1.0,31.3,31.3
181,Jaden,Stark,"Calle Q, nº 85",35025,Tejeda,Las Palmas,2022-04-21 16:48:31,1,0.5,23.2,11.6
182,Herrod,Contreras,"Calle L, nº 1",37176,Madroñal,Salamanca,2022-11-18 17:02:41,1,0.75,24.4,18.299999999999997
183,Chanda,Hull,"Calle K, nº 114",09018,Aranda de Duero,Burgos,2022-07-18 20:08:17,1,1.25,19.6,24.5
184,Christian,Cobb,"Calle B, nº 289",08004,Alpens,Barcelona,2022-02-25 12:28:47,1,0.25,22.3,5.575
185,Dane,Hunt,"Calle D, nº 50",40103,"Huertos, Los",Segovia,2022-07-23 09:49:45,1,3.0,35.0,105.0
186,Madison,Bryan,"Calle P, nº 97",05174,Orbita,Ávila,2022-04-20 06:09:32,1,1.25,18.3,22.875
187,Buckminster,O'donnell,"Calle D, nº 269",16264,Villarejo de Fuentes,Cuenca,2022-03-22 06:24:56,1,3.0,32.2,96.60000000000001
188,Roth,Dyer,"Calle H, nº 239",37054,"Bodón, El",Salamanca,2022-07-06 05:08:47,1,0.25,28.0,7.0
189,Jin,Mckenzie,"Calle C, nº 342",28099,Navas del Rey,Madrid,2022-08-24 14:37:10,1,2.0,20.4,40.8
190,Shafira,Watts,"Calle T, nº 170",05247,"Torre, La",Ávila,2022-01-08 06:32:52,1,4.0,25.4,101.6
191,Oscar,Carey,"Calle F, nº 285",34045,Capillas,Palencia,2022-11-21 19:38:53,1,1.0,25.0,25.0
192,Grant,Mcconnell,"Calle T, nº 297",25164,Penelles,Lleida,2022-05-28 07:44:20,1,5000.0,22.9,114500.0
193,Keiko,Pena,"Calle Y, nº 84",37018,Aldeanueva de la Sierra,Salamanca,2022-06-06 15:40:36,1,1500.0,31.0,46500.0
194,Madeline,Stone,"Calle I, nº 139",21007,Aracena,Huelva,2022-05-22 07:41:47,1,1500.0,25.9,38850.0
195,Beatrice,Harrison,"Calle M, nº 160",04054,Íllar,Almería,2022-12-08 17:02:06,1,3.0,18.2,54.599999999999994
196,Nolan,Bryant,"Calle Y, nº 166",20081,Zumaia,Gipuzkoa,2022-06-30 16:19:07,1,1.25,26.4,33.0
197,Dante,Pacheco,"Calle D, nº 41",31139,Lana,Navarra,2022-03-31 19:23:24,1,0.25,21.2,5.3
198,Colin,Fowler,"Calle F, nº 333",42061,Cidones,Soria,2022-06-09 19:35:21,1,0.25,22.8,5.7
199,Asher,Solomon,"Calle R, nº 198",08300,Viladecavalls,Barcelona,2022-09-15 00:57:46,1,4.0,20.5,82.0
200,Macon,Grimes,"Calle D, nº 34",22223,Sopeira,Huesca,2022-10-19 07:31:16,1,2.0,16.2,32.4
201,Clayton,Russo,"Calle R, nº 18",18015,Alicún de Ortega,Granada,2022-03-29 06:09:25,1,0.5,34.6,17.3
202,Harriet,Pruitt,"Calle P, nº 385",09387,Torregalindo,Burgos,2022-04-17 02:24:14,1,5.0,22.2,111.0
203,Orson,Walton,"Calle O, nº 108",03098,Orxeta,Alicante,2022-05-02 02:08:25,1,0.25,21.6,5.4
204,Darius,Gould,"Calle R, nº 262",17046,Castellfollit de la Roca,Girona,2022-12-30 20:09:29,1,2.0,26.3,52.6
205,Sean,Ross,"Calle I, nº 134",06138,Valdetorres,Badajoz,2022-01-23 04:19:54,1,1.5,27.6,41.400000000000006
206,Sade,Riggs,"Calle C, nº 24",03083,Jijona/Xixona,Alicante,2022-01-08 10:41:56,1,0.75,18.1,13.575000000000001
207,Rowan,Hardin,"Calle O, nº 105",31261,Yesa,Navarra,2022-07-21 16:16:52,1,0.5,33.6,16.8
208,Carolyn,Pollard,"Calle U, nº 22",31200,Oteiza,Navarra,2022-10-13 18:38:45,1,1.0,18.8,18.8
209,Kyle,Tucker,"Calle P, nº 255",41026,Casariche,Sevilla,2022-06-22 13:21:26,1,1.0,23.4,23.4
210,Nola,Sargent,"Calle E, nº 115",30006,Aledo,Murcia,2022-05-06 18:12:11,1,4.0,25.8,103.2
211,Hammett,Ratliff,"Calle O, nº 289",47048,Ceinos de Campos,Valladolid,2022-08-10 02:25:55,1,0.75,19.1,14.325000000000001
212,Cassandra,Haynes,"Calle D, nº 357",18164,Puebla de Don Fadrique,Granada,2022-10-15 09:36:15,1,0.75,34.8,26.099999999999998
213,Georgia,Parker,"Calle J, nº 3",49068,Ferreruela,Zamora,2022-01-06 17:27:29,1,1.25,18.6,23.25
214,Steel,Blackwell,"Calle K, nº 223",30037,Torre-Pacheco,Murcia,2022-08-17 14:01:33,1,0.25,26.0,6.5
215,MacKenzie,Ramirez,"Calle B, nº 264",25232,Torres de Segre,Lleida,2022-02-20 07:23:57,1,4.0,20.3,81.2
216,Sarah,Fleming,"Calle U, nº 91",37201,Montemayor del Río,Salamanca,2022-01-17 21:12:14,1,0.5,23.1,11.55
217,Tamara,Larson,"Calle C, nº 106",43063,"Galera, La",Tarragona,2022-09-28 13:05:43,1,0.5,15.8,7.9
218,Yuli,Mcgowan,"Calle S, nº 212",34072,Frechilla,Palencia,2022-05-03 19:38:19,1,4.0,30.3,121.2
219,Cameron,Gillespie,"Calle C, nº 56",50204,Pedrola,Zaragoza,2022-05-09 07:03:58,1,0.25,18.2,4.55
220,Sasha,Witt,"Calle M, nº 16",13054,Membrilla,Ciudad Real,2022-04-08 05:21:59,1,1.25,31.6,39.5
221,Alfreda,Mosley,"Calle E, nº 239",43157,Ulldemolins,Tarragona,2022-06-02 03:45:24,1,0.75,23.4,17.549999999999997
222,Latifah,Gentry,"Calle D, nº 169",47231,Zaratán,Valladolid,2022-02-13 16:29:42,1,2.0,30.2,60.4
223,Macon,Rodriquez,"Calle P, nº 18",15029,Coristanco,Coruña,2022-01-24 02:47:10,1,2.0,26.8,53.6
224,Octavia,Caldwell,"Calle D, nº 75",41041,Estepa,Sevilla,2022-06-08 21:09:21,1,2.0,24.7,49.4
225,Adara,Holden,"Calle P, nº 254",19304,Valdenuño Fernández,Guadalajara,2022-05-12 07:05:44,1,0.5,27.9,13.95
226,Dieter,Hutchinson,"Calle J, nº 31",09352,Santa María del Mercadillo,Burgos,2022-05-21 10:54:38,1,1.0,24.8,24.8
227,Dieter,Meyer,"Calle K, nº 77",43024,Bellvei,Tarragona,2022-04-30 08:09:40,1,0.25,20.5,5.125
228,Zia,Mosley,"Calle X, nº 366",06122,"Santos de Maimona, Los",Badajoz,2022-02-20 06:58:58,1,1.25,19.9,24.875
229,Minerva,Cote,"Calle B, nº 199",05062,Collado de Contreras,Ávila,2022-11-12 09:03:19,1,5.0,18.7,93.5
230,Yuri,Hodges,"Calle W, nº 169",20013,Aretxabaleta,Gipuzkoa,2022-04-06 20:11:22,1,0.5,26.1,13.05
231,Gareth,Graves,"Calle H, nº 17",26082,Laguna de Cameros,La Rioja,2022-05-08 06:22:13,1,2.0,20.6,41.2
232,Regan,Rosario,"Calle S, nº 75",49190,San Martín de Valderaduey,Zamora,2022-04-06 15:43:30,1,4.0,23.1,92.4
233,Maris,Frye,"Calle C, nº 72",46009,Albalat dels Sorells,Valencia,2022-05-25 02:36:42,1,0.5,26.6,13.3
234,Rogan,Carter,"Calle L, nº 239",19078,Castilforte,Guadalajara,2022-08-17 09:14:01,1,1.25,34.5,43.125
235,Maris,Leach,"Calle F, nº 338",31161,Mañeru,Navarra,2022-07-09 01:44:04,1,0.75,27.1,20.325000000000003
236,Teegan,Shannon,"Calle U, nº 354",09274,Pradoluengo,Burgos,2022-08-05 20:04:57,1,2.0,26.8,53.6
237,Michael,Cooper,"Calle R, nº 34",09201,Mamolar,Burgos,2022-08-15 11:48:43,1,1.5,18.9,28.349999999999998
238,Yeo,Guerra,"Calle W, nº 145",34024,Baquerín de Campos,Palencia,2022-01-23 07:19:33,1,0.75,17.5,13.125
239,Price,Ashley,"Calle K, nº 258",02008,Alcaraz,Albacete,2022-05-15 04:23:19,1,1.25,25.5,31.875
240,Warren,Cantu,"Calle M, nº 49",42174,Sotillo del Rincón,Soria,2022-11-03 02:14:37,1,0.75,27.6,20.700000000000003
241,Urielle,Holland,"Calle M, nº 51",46034,Almoines,Valencia,2022-04-17 21:19:10,1,3.0,25.8,77.4
242,David,Clemons,"Calle Q, nº 179",09136,Fuentecén,Burgos,2022-05-18 07:06:44,1,1.25,34.0,42.5
243,Ivory,Poole,"Calle O, nº 375",26042,Casalarreina,La Rioja,2022-08-01 17:04:15,1,5.0,27.4,137.0
244,Robert,Bishop,"Calle W, nº 278",10003,Acebo,Cáceres,2022-01-14 22:26:18,1,0.25,31.0,7.75
245,Isabelle,Conrad,"Calle P, nº 225",01002,Amurrio,Álava,2022-03-21 00:03:02,1,0.25,33.3,8.325
246,Maxine,Armstrong,"Calle D, nº 150",31096,Espronceda,Navarra,2022-04-01 06:19:23,1,5.0,15.8,79.0
247,Wynter,Smith,"Calle I, nº 335",16113,Iniesta,Cuenca,2022-06-14 16:43:57,1,3.0,28.1,84.30000000000001
248,Vera,Strong,"Calle S, nº 56",37044,Barruecopardo,Salamanca,2022-08-25 07:49:00,1,1.25,23.6,29.5
249,Colette,Copeland,"Calle C, nº 308",44266,Visiedo,Teruel,2022-06-14 12:42:28,1,1.25,32.5,40.625
250,Colin,Rush,"Calle E, nº 335",40221,Valleruela de Sepúlveda,Segovia,2022-01-31 10:24:51,1,0.75,25.5,19.125
251,Samson,Saunders,"Calle G, nº 55",45022,Buenaventura,Toledo,2022-10-18 01:53:29,1,2.0,33.7,67.4
252,Yasir,Glover,"Calle T, nº 31",10192,Torremocha,Cáceres,2022-10-31 15:16:48,2,0.25,20.4,5.1
253,Cameran,Hyde,"Calle M, nº 222",39034,Lamasón,Cantabria,2022-08-12 08:07:41,2,5.0,19.4,97.0
254,Kristen,Webb,"Calle H, nº 160",40184,San Pedro de Gaíllos,Segovia,2022-02-21 11:12:29,2,1.0,32.4,32.4
255,Whitney,Macias,"Calle H, nº 130",08095,Granera,Barcelona,2022-08-19 11:13:38,2,4.0,17.0,68.0
256,Clarke,Mckinney,"Calle T, nº 236",09414,Valle de Valdelaguna,Burgos,2022-03-19 22:20:12,2,3.0,30.2,90.6
257,India,Hancock,"Calle J, nº 195",18077,Fornes,Granada,2022-08-10 17:40:41,2,0.25,31.8,7.95
258,Quintessa,Walter,"Calle Q, nº 359",19191,Monasterio,Guadalajara,2022-04-12 20:22:59,2,1.25,25.1,31.375
259,Karen,Hopper,"Calle C, nº 376",11019,Grazalema,Cádiz,2022-07-29 10:00:20,2,1.5,30.4,45.599999999999994
260,Kirby,Manning,"Calle F, nº 26",50039,Azuara,Zaragoza,2022-04-15 08:52:57,2,1.0,25.8,25.8
261,Freya,Mccarty,"Calle E, nº 248",37341,Valverde de Valdelacasa,Salamanca,2022-05-10 10:00:33,2,0.25,16.9,4.225
262,Damian,Kerr,"Calle R, nº 151",26170,"Villar de Arnedo, El",La Rioja,2022-04-22 17:49:41,2,2.0,25.3,50.6
263,Anastasia,Schultz,"Calle T, nº 345",08285,Torelló,Barcelona,2022-06-05 12:45:09,2,0.25,20.7,5.175
264,Alexa,Guzman,"Calle V, nº 149",21039,Hinojales,Huelva,2022-07-28 20:51:01,2,5.0,24.5,122.5
265,Chaim,Byrd,"Calle K, nº 272",22046,Ballobar,Huesca,2022-10-16 00:10:13,2,1.25,26.5,33.125
266,Hall,Barron,"Calle I, nº 322",25254,Vilanova de la Barca,Lleida,2022-12-25 06:43:31,2,2.0,22.1,44.2
267,Alan,Watson,"Calle C, nº 223",49257,Villanueva de Azoague,Zamora,2022-02-03 18:54:25,2,0.25,17.2,4.3
268,Chancellor,Burris,"Calle O, nº 8",00000,Colmenarejo,Not_Found,2022-05-28 21:56:52,2,0.25,25.0,6.25
269,Kellie,Pennington,"Calle W, nº 224",34092,Lantadilla,Palencia,2022-12-17 06:51:17,2,5.0,24.5,122.5
270,Xaviera,Maddox,"Calle S, nº 335",40208,Turégano,Segovia,2022-10-29 15:57:44,2,0.75,33.3,24.974999999999998
271,Shay,Cabrera,"Calle L, nº 189",08278,Taradell,Barcelona,2022-12-01 11:52:46,2,5.0,33.3,166.5
272,Zahir,Foreman,"Calle E, nº 102",50114,Fuendetodos,Zaragoza,2022-10-31 05:28:09,2,5.0,18.6,93.0
273,Allistair,Mcknight,"Calle S, nº 34",10131,Navalmoral de la Mata,Cáceres,2022-12-26 20:38:33,2,5.0,31.3,156.5
274,Amal,Flores,"Calle P, nº 14",22115,"Grado, El",Huesca,2022-11-17 23:58:20,2,0.5,23.7,11.85
275,Zephania,Mcneil,"Calle U, nº 37",47208,Villagómez la Nueva,Valladolid,2022-11-16 06:06:14,2,1.5,18.9,28.349999999999998
276,Diana,Carr,"Calle W, nº 31",38032,"Rosario, El",Santa Cruz de Tenerife,2022-08-03 04:43:01,2,1.5,19.0,28.5
277,Constance,Hodge,"Calle N, nº 110",05264,Viñegra de Moraña,Ávila,2022-02-06 10:22:11,2,1.0,27.7,27.7
278,Tarik,Hawkins,"Calle N, nº 105",49138,Olmillos de Castro,Zamora,2022-12-14 03:08:17,2,5.0,26.6,133.0
279,Cairo,Sheppard,"Calle C, nº 151",25904,Castell de Mur,Lleida,2022-03-30 02:43:17,2,1.5,28.3,42.45
280,Juliet,Olsen,"Calle Y, nº 199",47181,Valdenebro de los Valles,Valladolid,2022-02-25 20:57:15,2,1.25,32.1,40.125
281,Noel,Boyer,"Calle W, nº 325",45151,San Martín de Montalbán,Toledo,2022-08-09 18:24:03,2,0.25,27.9,6.975
282,Connor,Knight,"Calle F, nº 108",08158,"Papiol, El",Barcelona,2022-12-30 08:06:12,2,5.0,17.5,87.5
283,Xanthus,Mullins,"Calle E, nº 88",27018,"Fonsagrada, A",Lugo,2022-10-27 04:39:37,2,1.25,17.2,21.5
284,Gary,Phillips,"Calle Y, nº 211",34184,Torremormojón,Palencia,2022-03-26 23:31:00,2,2.0,34.0,68.0
285,Quinlan,Buchanan,"Calle K, nº 75",18175,Santa Fe,Granada,2022-09-08 22:47:07,2,0.25,30.1,7.525
286,John,Booth,"Calle Y, nº 344",24073,Fresno de la Vega,León,2022-09-06 03:57:08,2,2.0,27.5,55.0
287,Shoshana,Willis,"Calle K, nº 340",14064,Valsequillo,Córdoba,2022-07-31 14:36:41,2,1.0,21.7,21.7
288,Tiger,Duncan,"Calle V, nº 209",24207,Villademor de la Vega,León,2022-05-05 14:00:11,2,4.0,28.6,114.4
289,Roary,Warren,"Calle P, nº 2",04100,Vera,Almería,2022-10-22 08:34:36,2,3.0,34.2,102.60000000000001
290,Uriah,Hayden,"Calle X, nº 330",44027,Arens de Lledó,Teruel,2022-02-21 05:22:11,2,1.0,25.8,25.8
291,Patricia,Preston,"Calle N, nº 205",27028,Lugo,Lugo,2022-04-20 21:23:38,2,3.0,22.0,66.0
292,Dalton,Pace,"Calle B, nº 247",12127,Vallibona,Castellón,2022-05-19 20:28:31,2,0.5,27.8,13.9
293,Larissa,Cole,"Calle T, nº 387",46099,Cortes de Pallás,Valencia,2022-08-24 07:45:41,2,1.5,22.9,34.349999999999994
294,Carol,Ramirez,"Calle A, nº 326",42090,Fuentepinilla,Soria,2022-03-30 08:46:22,2,2.0,29.8,59.6
295,Ivana,Gates,"Calle Y, nº 398",24184,Valdesamario,León,2022-02-12 17:33:11,2,1.5,23.5,35.25
296,Kerry,Mclaughlin,"Calle C, nº 174",41011,Arahal,Sevilla,2022-12-06 17:19:09,2,3.0,30.3,90.9
297,Vincent,Barnett,"Calle F, nº 319",34082,Hérmedes de Cerrato,Palencia,2022-08-14 18:56:18,2,1.25,24.0,30.0
298,Unity,Clay,"Calle Q, nº 325",43055,Falset,Tarragona,2022-05-11 00:09:55,2,1.0,30.4,30.4
299,Cedric,Decker,"Calle F, nº 33",42011,Aldealpozo,Soria,2022-04-02 10:22:05,2,2.0,26.4,52.8
300,Uriah,Hale,"Calle L, nº 206",44062,Cañada Vellida,Teruel,2022-08-25 10:35:35,2,3.0,18.2,54.599999999999994
301,Lillith,Kirkland,"Calle I, nº 266",08103,Jorba,Barcelona,2022-10-18 19:26:26,2,1.5,26.6,39.900000000000006
302,Cheryl,Reid,"Calle E, nº 235",26034,Briones,La Rioja,2022-02-02 15:10:45,2,5.0,22.8,114.0
303,Xantha,Prince,"Calle P, nº 141",16142,Olmedilla de Alarcón,Cuenca,2022-08-10 18:05:24,2,4.0,27.3,109.2
304,Michael,Gilmore,"Calle R, nº 207",50079,Cervera de la Cañada,Zaragoza,2022-01-06 23:27:20,2,1.0,33.5,33.5
305,Gary,Clements,"Calle Q, nº 201",01010,Ayala/Aiara,Álava,2022-08-20 03:04:06,2,1.5,16.9,25.349999999999998
306,Brenden,Sandoval,"Calle U, nº 35",05027,"Berlanas, Las",Ávila,2022-08-17 16:36:34,2,1.5,30.8,46.2
307,Tatyana,Shepard,"Calle Q, nº 287",47149,San Pelayo,Valladolid,2022-01-24 08:52:38,2,0.75,20.4,15.299999999999999
308,Ignatius,Mathews,"Calle W, nº 214",20049,Lazkao,Gipuzkoa,2022-09-02 07:46:54,2,4.0,19.7,78.8
309,Kelly,Franklin,"Calle K, nº 374",10169,Santiago de Alcántara,Cáceres,2022-12-26 05:27:41,2,2.0,30.2,60.4
310,Vivien,Phelps,"Calle Y, nº 9",47165,Tordesillas,Valladolid,2022-12-29 09:35:45,2,1.25,20.0,25.0
311,Christopher,Ramirez,"Calle V, nº 253",45030,Calzada de Oropesa,Toledo,2022-01-18 20:55:14,2,0.25,23.9,5.975
312,Conan,Grant,"Calle Y, nº 164",26108,Ocón,La Rioja,2022-07-22 17:41:27,2,2.0,22.2,44.4
313,Azalia,Hawkins,"Calle U, nº 39",34208,Villaeles de Valdavia,Palencia,2022-12-24 19:33:18,2,1.5,15.8,23.700000000000003
314,Odette,Edwards,"Calle X, nº 136",23038,"Guardia de Jaén, La",Jaén,2022-12-09 13:23:09,2,0.75,19.2,14.399999999999999
315,Daria,Molina,"Calle J, nº 189",19184,Millana,Guadalajara,2022-08-11 22:40:30,2,1.0,15.6,15.6
316,Clio,Anderson,"Calle Z, nº 306",37143,Galinduste,Salamanca,2022-11-26 13:08:30,2,1.0,24.1,24.1
317,Dane,Kaufman,"Calle T, nº 369",17002,Aiguaviva,Girona,2022-06-19 19:39:14,2,0.25,30.9,7.725
318,Bethany,Duncan,"Calle Z, nº 164",09046,Bascuñana,Burgos,2022-09-22 09:00:54,2,1.0,31.1,31.1
319,Olivia,David,"Calle J, nº 205",00000,Medinaceli,Not_Found,2022-07-22 04:19:58,2,2.0,22.8,45.6
320,Thaddeus,Holt,"Calle U, nº 315",09253,Pardilla,Burgos,2022-03-30 10:50:55,2,0.75,15.1,11.325
321,Colby,Campbell,"Calle M, nº 257",04901,"Tres Villas, Las",Almería,2022-02-06 21:49:32,2,1.25,34.5,43.125
322,Mason,Rasmussen,"Calle E, nº 11",10050,Casar de Palomero,Cáceres,2022-03-08 04:55:18,2,0.5,28.7,14.35
323,Samuel,Cote,"Calle N, nº 316",43096,"Morera de Montsant, La",Tarragona,2022-01-12 20:11:17,2,2.0,26.9,53.8
324,Lillith,Lopez,"Calle L, nº 275",45053,Consuegra,Toledo,2022-02-14 10:39:16,2,3.0,21.1,63.300000000000004
325,Neve,Mcgowan,"Calle A, nº 322",50245,Sigüés,Zaragoza,2022-06-17 16:12:00,2,2.0,23.2,46.4
326,Madison,Rocha,"Calle T, nº 311",09065,Campillo de Aranda,Burgos,2022-11-03 12:53:52,2,0.75,23.7,17.775
327,Harrison,Lowery,"Calle P, nº 375",18086,Gorafe,Granada,2022-08-10 00:10:43,2,1.5,33.8,50.699999999999996
328,Xantha,Forbes,"Calle J, nº 137",05115,Maello,Ávila,2022-07-21 16:24:31,2,4.0,28.2,112.8
329,Bree,Joyce,"Calle D, nº 74",45135,"Puebla de Almoradiel, La",Toledo,2022-05-18 21:21:54,2,1.5,16.0,24.0
330,Bevis,Charles,"Calle L, nº 71",24055,Cimanes del Tejar,León,2022-08-27 04:59:05,2,4.0,27.6,110.4
331,Winifred,Ingram,"Calle U, nº 58",36031,Mondariz-Balneario,Pontevedra,2022-06-11 15:24:06,2,1.0,23.0,23.0
332,Howard,Bauer,"Calle A, nº 228",04046,Fondón,Almería,2022-09-10 06:28:22,2,0.5,27.4,13.7
333,Omar,Mcdonald,"Calle C, nº 47",46118,Enguera,Valencia,2022-04-01 13:09:15,2,5.0,32.1,160.5
334,Slade,Klein,"Calle Z, nº 28",13076,Santa Cruz de los Cáñamos,Ciudad Real,2022-05-04 15:25:53,2,1.0,18.1,18.1
335,Jackson,Rocha,"Calle I, nº 385",42027,Arévalo de la Sierra,Soria,2022-01-08 18:59:12,2,0.5,17.0,8.5
336,Plato,Robles,"Calle G, nº 355",34175,"Serna, La",Palencia,2022-10-21 05:05:39,2,1.5,19.9,29.849999999999998
337,Derek,Parsons,"Calle U, nº 240",22195,Quicena,Huesca,2022-04-07 09:10:38,2,0.5,33.4,16.7
338,Honorato,Roy,"Calle Q, nº 282",41003,Albaida del Aljarafe,Sevilla,2022-03-22 15:48:29,2,3.0,28.6,85.80000000000001
339,Barbara,Charles,"Calle W, nº 247",28033,Campo Real,Madrid,2022-08-21 01:14:07,2,0.25,28.3,7.075
340,Octavia,Ingram,"Calle T, nº 215",16167,Pozorrubio de Santiago,Cuenca,2022-08-08 04:16:31,2,1.0,21.4,21.4
341,Colin,Mcdowell,"Calle D, nº 116",45127,Palomeque,Toledo,2022-06-03 00:24:38,2,0.5,28.5,14.25
342,Ursula,Lawrence,"Calle R, nº 36",47141,Salvador de Zapardiel,Valladolid,2022-07-21 08:46:39,2,1.0,19.3,19.3
343,Keane,Cortez,"Calle X, nº 6",06021,Bodonal de la Sierra,Badajoz,2022-01-24 13:24:38,2,3.0,19.0,57.0
344,Aladdin,Stanley,"Calle M, nº 42",18912,Cuevas del Campo,Granada,2022-12-17 08:24:30,2,0.75,34.4,25.799999999999997
345,Brendan,Leon,"Calle R, nº 170",37109,Colmenar de Montemayor,Salamanca,2022-04-19 21:02:02,2,1.25,34.7,43.375
346,Kylan,Kirby,"Calle C, nº 266",46263,Zarra,Valencia,2022-09-15 14:35:54,2,0.75,15.9,11.925
347,Sandra,Mckee,"Calle J, nº 216",39082,Selaya,Cantabria,2022-08-04 19:17:00,2,5.0,15.4,77.0
348,Tarik,Barlow,"Calle I, nº 368",44183,Pitarque,Teruel,2022-01-27 21:31:16,2,0.75,18.7,14.024999999999999
349,Edward,Huber,"Calle A, nº 20",25216,Talavera,Lleida,2022-08-20 11:23:01,2,4.0,33.2,132.8
350,Aline,Mccarty,"Calle G, nº 251",26144,Sorzano,La Rioja,2022-11-07 08:01:40,2,0.25,33.0,8.25
351,Martina,Petty,"Calle G, nº 208",50023,Almonacid de la Cuba,Zaragoza,2022-03-08 09:22:28,2,1.25,23.0,28.75
352,Quinlan,Lewis,"Calle G, nº 151",36043,Ponte Caldelas,Pontevedra,2022-06-23 16:16:55,2,2.0,29.7,59.4
353,Yen,Pitts,"Calle N, nº 394",50095,Ejea de los Caballeros,Zaragoza,2022-06-04 13:07:07,2,0.75,23.2,17.4
354,Kiona,Holmes,"Calle P, nº 51",08060,Castellfollit de Riubregós,Barcelona,2022-07-12 16:52:05,2,2.0,25.1,50.2
355,Destiny,Nguyen,"Calle V, nº 289",06068,Hinojosa del Valle,Badajoz,2022-10-27 14:02:50,2,1.0,19.9,19.9
356,Duncan,Decker,"Calle N, nº 107",03065,Elche/Elx,Alicante,2022-01-17 02:33:48,2,1.25,24.3,30.375
357,Lee,Oliver,"Calle W, nº 199",42071,Cubo de la Solana,Soria,2022-03-26 00:31:50,2,3.0,34.4,103.19999999999999
358,Aline,Hartman,"Calle I, nº 292",17055,Colomers,Girona,2022-08-24 04:25:37,2,0.25,27.4,6.85
359,Omar,Mcleod,"Calle I, nº 29",19039,Argecilla,Guadalajara,2022-06-18 03:58:20,2,1.0,30.9,30.9
360,Allistair,Carrillo,"Calle E, nº 150",28017,Batres,Madrid,2022-10-28 19:30:57,2,1.25,20.4,25.5
361,Driscoll,Hammond,"Calle T, nº 100",09192,Jurisdicción de San Zadornil,Burgos,2022-01-09 14:22:48,2,1.5,31.0,46.5
362,Otto,Rios,"Calle R, nº 91",49016,Aspariegos,Zamora,2022-11-10 03:48:15,2,0.5,25.0,12.5
363,Violet,Ortiz,"Calle C, nº 314",04012,Alicún,Almería,2022-07-08 06:34:02,2,3.0,15.6,46.8
364,Barbara,Farrell,"Calle G, nº 143",26066,Galilea,La Rioja,2022-04-30 22:47:36,2,0.75,32.8,24.599999999999998
365,Hoyt,Foreman,"Calle E, nº 156",25194,Sant Ramon,Lleida,2022-08-29 00:30:32,2,0.25,18.3,4.575
366,Otto,Mcdowell,"Calle Z, nº 265",49008,Almeida de Sayago,Zamora,2022-08-30 13:54:28,2,1.25,16.0,20.0
367,Preston,Burns,"Calle P, nº 244",33022,Degaña,Asturias,2022-08-12 11:23:29,2,0.25,16.6,4.15
368,Devin,Estes,"Calle Z, nº 121",02056,Ontur,Albacete,2022-04-08 22:32:50,2,1.25,32.5,40.625
369,Tucker,Miller,"Calle J, nº 273",14040,Montalbán de Córdoba,Córdoba,2022-07-14 08:28:17,2,1.5,30.6,45.900000000000006
370,Audrey,Golden,"Calle H, nº 47",22173,"Peñas de Riglos, Las",Huesca,2022-01-13 12:51:03,2,0.75,32.3,24.224999999999998
371,Imogene,Blake,"Calle S, nº 283",28124,Robledillo de la Jara,Madrid,2022-04-24 09:10:35,2,4.0,33.0,132.0
372,Jonas,Webb,"Calle M, nº 398",05046,Canales,Ávila,2022-07-10 23:45:35,2,3.0,28.5,85.5
373,Tamara,Bradford,"Calle H, nº 302",18126,"Malahá, La",Granada,2022-11-04 14:49:23,2,5.0,16.0,80.0
374,Lars,Glenn,"Calle J, nº 230",05097,"Horcajada, La",Ávila,2022-01-22 11:30:34,2,5.0,25.6,128.0
375,Brendan,Gillespie,"Calle J, nº 140",37082,Cantalpino,Salamanca,2022-07-22 20:54:23,3,3.0,24.8,74.4
376,Joel,Gillespie,"Calle I, nº 112",01063,Zuia,Álava,2022-10-13 04:32:53,3,4.0,33.6,134.4
377,Xavier,Cardenas,"Calle P, nº 324",22232,Torralba de Aragón,Huesca,2022-11-10 08:01:24,3,0.5,23.2,11.6
378,Brock,Wilder,"Calle Q, nº 354",05105,Hoyos del Espino,Ávila,2022-10-22 19:29:32,3,0.75,21.7,16.275
379,Vance,Dale,"Calle G, nº 168",28090,Moralzarzal,Madrid,2022-12-08 04:51:46,3,0.5,19.1,9.55
380,Zephania,Harrell,"Calle B, nº 131",24012,"Barrios de Luna, Los",León,2022-03-01 03:36:01,3,0.25,24.1,6.025
381,Amena,Day,"Calle F, nº 79",21015,Cabezas Rubias,Huelva,2022-10-28 18:34:18,3,5.0,34.8,174.0
382,Christen,Haynes,"Calle E, nº 260",42100,Hinojosa del Campo,Soria,2022-06-11 06:03:55,3,3.0,31.2,93.6
383,Russell,Farrell,"Calle P, nº 27",23020,Canena,Jaén,2022-08-02 06:58:32,3,4.0,16.0,64.0
384,Zia,Sharpe,"Calle O, nº 326",44044,Bordón,Teruel,2022-06-30 09:53:41,3,0.75,20.7,15.524999999999999
385,Abraham,Shannon,"Calle S, nº 218",44094,Cuevas Labradas,Teruel,2022-05-23 19:03:30,3,0.25,26.6,6.65
386,Hamilton,Wheeler,"Calle B, nº 126",27010,Castro de Rei,Lugo,2022-04-27 14:34:09,3,1.25,27.8,34.75
387,Zahir,Lancaster,"Calle L, nº 120",08012,Avinyó,Barcelona,2022-02-17 01:22:03,3,0.5,33.5,16.75
388,Colt,Rodriguez,"Calle C, nº 267",12071,Jérica,Castellón,2022-11-07 14:33:31,3,0.5,28.0,14.0
389,Wang,Arnold,"Calle C, nº 53",45047,Cedillo del Condado,Toledo,2022-08-18 07:59:45,3,0.5,20.3,10.15
390,Kelsey,Mendoza,"Calle Q, nº 356",10215,Villasbuenas de Gata,Cáceres,2022-03-08 12:33:25,3,1.25,21.5,26.875
391,Adria,Patterson,"Calle B, nº 306",49247,Villalcampo,Zamora,2022-03-28 17:50:09,3,5.0,34.2,171.0
392,Ishmael,Phelps,"Calle T, nº 76",32085,Verín,Ourense,2022-11-10 02:25:29,3,1.25,34.6,43.25
393,Rebecca,Norris,"Calle M, nº 384",32029,Chandrexa de Queixa,Ourense,2022-07-06 19:40:51,3,0.75,32.2,24.150000000000002
394,Marvin,Kirkland,"Calle G, nº 191",47216,Villán de Tordesillas,Valladolid,2022-03-29 18:52:14,3,1.0,33.6,33.6
395,Jessamine,Guthrie,"Calle J, nº 72",43135,Salomó,Tarragona,2022-11-06 13:59:36,3,1.5,31.3,46.95
396,Piper,Whitaker,"Calle A, nº 223",33030,Illas,Asturias,2022-11-14 09:28:18,3,3.0,20.0,60.0
397,Emma,Winters,"Calle K, nº 243",40048,Castrojimeno,Segovia,2022-05-25 06:38:29,3,3.0,32.0,96.0
398,Charde,Montoya,"Calle R, nº 395",42044,Cabrejas del Campo,Soria,2022-04-07 19:41:14,3,0.5,30.1,15.05
399,Axel,Carrillo,"Calle P, nº 400",50196,Orera,Zaragoza,2022-07-16 12:55:14,3,1.5,24.8,37.2
400,Odessa,Bishop,"Calle C, nº 274",46089,Casinos,Valencia,2022-06-03 16:03:40,3,1.25,26.9,33.625
401,Harlan,Cain,"Calle L, nº 372",47105,Olmos de Esgueva,Valladolid,2022-01-02 05:13:45,3,1.0,32.3,32.3
402,Karen,Murray,"Calle G, nº 203",42145,Quintanas de Gormaz,Soria,2022-01-28 03:55:51,3,0.25,34.9,8.725
403,Todd,Sloan,"Calle D, nº 297",03029,Benigembla,Alicante,2022-10-26 07:22:53,3,5.0,23.5,117.5
404,Ethan,Booth,"Calle O, nº 345",25141,Montoliu de Segarra,Lleida,2022-05-28 00:12:13,3,1.0,25.6,25.6
405,Cameron,Woods,"Calle Q, nº 379",43149,Tivenys,Tarragona,2022-05-29 18:33:17,3,5.0,25.8,129.0
406,Bryar,Bridges,"Calle L, nº 320",47040,Castrobol,Valladolid,2022-12-28 21:55:13,3,0.25,18.6,4.65
407,Graham,Potter,"Calle Z, nº 115",09010,Alcocero de Mola,Burgos,2022-01-29 03:41:34,3,0.75,17.1,12.825000000000001
408,Helen,Nolan,"Calle Q, nº 133",10107,Jerte,Cáceres,2022-07-25 18:25:22,3,1.25,33.7,42.125
409,Lacota,Gates,"Calle C, nº 153",33062,Santa Eulalia de Oscos,Asturias,2022-11-28 08:04:33,3,1.25,22.3,27.875
410,Ezekiel,Grant,"Calle N, nº 245",08019,Barcelona,Barcelona,2022-02-28 04:19:35,3,1.25,31.1,38.875
411,Alexander,Holmes,"Calle A, nº 158",27061,Trabada,Lugo,2022-03-27 22:21:15,3,4.0,35.0,140.0
412,Nasim,Perry,"Calle M, nº 65",09128,Frandovínez,Burgos,2022-12-08 08:57:59,3,0.75,24.8,18.6
413,Amos,Schwartz,"Calle X, nº 388",48008,Artzentales,Bizkaia,2022-11-22 13:34:58,3,1.25,25.8,32.25
414,Sage,Nicholson,"Calle D, nº 219",31101,Ezcabarte,Navarra,2022-08-02 04:25:26,3,1.5,20.7,31.049999999999997
415,Stephanie,Brock,"Calle H, nº 101",19199,Ocentejo,Guadalajara,2022-11-06 14:11:12,3,1.25,19.7,24.625
416,Paul,Meadows,"Calle O, nº 145",33047,Peñamellera Baja,Asturias,2022-01-31 02:37:16,3,3.0,22.5,67.5
417,Elijah,Mccray,"Calle Y, nº 195",06143,Valverde de Leganés,Badajoz,2022-08-11 22:42:21,3,1.5,29.6,44.400000000000006
418,Dai,Key,"Calle T, nº 361",44113,Fuentes de Rubielos,Teruel,2022-10-07 22:45:25,3,1.5,24.4,36.599999999999994
419,Lev,Bates,"Calle J, nº 1",43009,Alforja,Tarragona,2022-02-03 00:57:33,3,0.5,24.2,12.1
420,Justin,Richards,"Calle E, nº 231",47024,Bolaños de Campos,Valladolid,2022-05-23 13:40:56,3,3.0,33.5,100.5
421,Hammett,Gilbert,"Calle T, nº 372",06161,Zarza-Capilla,Badajoz,2022-05-21 14:10:41,3,1.0,28.6,28.6
422,Kellie,Leach,"Calle B, nº 387",32017,Carballeda de Valdeorras,Ourense,2022-12-09 19:58:30,3,1.25,25.9,32.375
423,Florence,Moody,"Calle D, nº 379",49148,Peleas de Abajo,Zamora,2022-10-25 13:22:26,3,5.0,32.8,164.0
424,Christen,Ewing,"Calle R, nº 333",34228,Villanuño de Valdavia,Palencia,2022-06-06 14:14:14,3,5.0,25.6,128.0
425,Nicholas,Tucker,"Calle B, nº 103",31242,Urraul Bajo,Navarra,2022-08-15 21:49:55,3,5.0,29.2,146.0
426,Mohammad,Craig,"Calle M, nº 256",27052,Ribas de Sil,Lugo,2022-05-24 19:36:07,3,3.0,27.1,81.30000000000001
427,Cruz,Clemons,"Calle C, nº 392",22074,Campo,Huesca,2022-12-02 04:40:42,3,1.25,19.8,24.75
428,Nash,Anderson,"Calle Z, nº 33",40164,Rapariegos,Segovia,2022-07-15 04:57:02,3,1.5,29.4,44.099999999999994
429,Dawn,Raymond,"Calle O, nº 328",22901,Valle de Hecho,Huesca,2022-01-12 22:29:20,3,0.5,23.6,11.8
430,Orli,Love,"Calle R, nº 130",44085,Cosa,Teruel,2022-12-12 06:00:09,3,0.75,16.9,12.674999999999999
431,Carissa,Murray,"Calle T, nº 220",18061,Chimeneas,Granada,2022-06-23 05:37:02,3,0.5,26.4,13.2
432,Norman,Blackwell,"Calle C, nº 300",33078,Yernes y Tameza,Asturias,2022-11-01 14:12:43,3,0.5,31.3,15.65
433,Odysseus,Gregory,"Calle B, nº 311",05148,Narros del Puerto,Ávila,2022-08-28 07:25:43,3,1.25,19.4,24.25
434,Henry,Crane,"Calle I, nº 237",36901,"Illa de Arousa, A",Pontevedra,2022-01-19 15:21:16,3,0.25,32.5,8.125
435,Jacob,Galloway,"Calle A, nº 338",16068,Castillejo de Iniesta,Cuenca,2022-11-20 15:03:58,3,0.5,29.0,14.5
436,Suki,Berger,"Calle B, nº 307",31026,Aras,Navarra,2022-07-12 00:25:17,3,0.75,21.3,15.975000000000001
437,Fuller,Pierce,"Calle X, nº 11",18145,Ogíjares,Granada,2022-05-22 20:29:50,3,1.25,29.9,37.375
438,Kathleen,Woodard,"Calle N, nº 17",44068,Castelserás,Teruel,2022-10-10 10:40:50,3,0.75,34.0,25.5
439,Kadeem,Riddle,"Calle G, nº 116",09265,Piérnigas,Burgos,2022-10-27 20:30:07,3,1.5,30.8,46.2
440,Kameko,Curtis,"Calle T, nº 66",24197,Vega de Infanzones,León,2022-06-26 23:00:44,3,1.5,33.5,50.25
441,Omar,Puckett,"Calle Y, nº 129",12096,Rossell,Castellón,2022-09-21 08:31:10,3,1.5,20.5,30.75
442,Shad,Gomez,"Calle Q, nº 267",08134,Figaró-Montmany,Barcelona,2022-05-14 11:06:49,3,5.0,29.9,149.5
443,Rae,Buchanan,"Calle W, nº 262",45174,Totanés,Toledo,2022-09-26 22:22:33,3,5.0,33.9,169.5
444,Nayda,Galloway,"Calle L, nº 79",50236,Santa Cruz de Grío,Zaragoza,2022-02-25 20:03:22,3,2.0,20.6,41.2
445,Hu,Fry,"Calle D, nº 292",08027,"Cabanyes, Les",Barcelona,2022-01-06 13:49:01,3,0.5,24.8,12.4
446,Amir,Mckinney,"Calle G, nº 385",24162,Santovenia de la Valdoncina,León,2022-08-10 12:29:41,3,1.0,17.5,17.5
447,Craig,Patterson,"Calle S, nº 48",37010,"Alberca, La",Salamanca,2022-05-08 02:33:36,3,1.0,30.4,30.4
448,Barclay,Barnes,"Calle Y, nº 65",13084,Torre de Juan Abad,Ciudad Real,2022-10-25 06:01:04,3,1.25,27.0,33.75
449,Megan,Rollins,"Calle H, nº 143",09451,Villanueva de Gumiel,Burgos,2022-04-29 09:23:59,3,3.0,34.1,102.30000000000001
450,Troy,Whitfield,"Calle C, nº 179",49223,Trabazos,Zamora,2022-04-26 11:03:54,3,1.0,33.1,33.1
451,Uta,King,"Calle D, nº 381",17027,Breda,Girona,2022-08-28 03:04:14,3,1.5,16.8,25.200000000000003
452,Daniel,Waller,"Calle G, nº 151",47064,Fontihoyuelo,Valladolid,2022-12-26 10:10:07,3,1.0,21.4,21.4
453,Brynne,Nixon,"Calle C, nº 53",50172,Monreal de Ariza,Zaragoza,2022-04-15 07:58:05,3,0.5,28.5,14.25
454,Hyacinth,Mooney,"Calle N, nº 309",37063,"Cabeza de Béjar, La",Salamanca,2022-09-19 06:45:51,3,0.5,33.1,16.55
455,Gillian,Good,"Calle M, nº 321",05123,Mediana de Voltoya,Ávila,2022-09-05 04:29:30,3,4.0,28.6,114.4
456,Hasad,Conner,"Calle E, nº 308",31260,Valle de Yerri/Deierri,Navarra,2022-07-21 03:44:20,3,5.0,21.9,109.5
457,Davis,Decker,"Calle E, nº 213",05182,Pedro Bernardo,Ávila,2022-12-25 12:12:25,3,5.0,26.1,130.5
458,Brenden,Fisher,"Calle U, nº 91",17155,Salt,Girona,2022-03-23 01:29:10,3,3.0,31.9,95.69999999999999
459,Rylee,Briggs,"Calle S, nº 83",23012,Beas de Segura,Jaén,2022-03-10 17:47:26,3,2.0,27.9,55.8
460,Charles,Abbott,"Calle U, nº 176",16050,Cañaveras,Cuenca,2022-07-29 06:26:13,3,3.0,26.1,78.30000000000001
461,Leonard,Ferguson,"Calle V, nº 162",46050,Benagéber,Valencia,2022-03-31 21:33:50,3,0.25,32.9,8.225
462,Vincent,Golden,"Calle K, nº 211",25189,Rosselló,Lleida,2022-06-01 12:42:42,3,4.0,33.9,135.6
463,Mia,Fulton,"Calle T, nº 106",40004,Aguilafuente,Segovia,2022-02-26 09:08:51,3,0.75,25.0,18.75
464,Zenia,Mcguire,"Calle U, nº 400",28181,Villaviciosa de Odón,Madrid,2022-02-22 18:04:30,3,1.25,16.9,21.125
465,Carissa,Hicks,"Calle N, nº 173",01028,Labastida/Bastida,Álava,2022-07-23 22:27:02,3,1.0,26.8,26.8
466,Joel,Dotson,"Calle S, nº 27",39073,Santa Cruz de Bezana,Cantabria,2022-06-22 23:57:43,3,1.25,32.5,40.625
467,Steven,Dickson,"Calle T, nº 192",09180,Iglesias,Burgos,2022-05-25 14:12:12,3,0.25,22.8,5.7
468,Candice,Payne,"Calle M, nº 339",44245,Valdeltormo,Teruel,2022-06-03 08:28:40,3,1.25,28.9,36.125
469,Montana,Pratt,"Calle T, nº 118",09148,Grijalba,Burgos,2022-09-07 23:18:59,3,0.75,33.4,25.049999999999997
470,Roanna,Barker,"Calle K, nº 12",49231,Vega de Tera,Zamora,2022-11-17 01:55:34,3,1.5,17.5,26.25
471,Demetrius,Sears,"Calle F, nº 190",44193,Puertomingalvo,Teruel,2022-02-04 05:17:53,3,1.5,17.9,26.849999999999998
472,Colton,Ward,"Calle X, nº 224",17063,Espinelves,Girona,2022-08-30 05:39:06,3,3.0,33.1,99.30000000000001
473,Andrew,Richard,"Calle L, nº 294",24090,Lucillo,León,2022-06-28 18:57:55,3,3.0,29.0,87.0
474,Barrett,Brooks,"Calle C, nº 346",10091,Guijo de Santa Bárbara,Cáceres,2022-03-15 03:15:55,3,0.5,18.1,9.05
475,Jackson,O'brien,"Calle Z, nº 47",26092,Manjarrés,La Rioja,2022-09-11 04:10:53,3,4.0,16.5,66.0
476,Francesca,Tanner,"Calle B, nº 291",50139,Letux,Zaragoza,2022-06-05 17:23:09,3,1.0,15.9,15.9
477,Anastasia,York,"Calle H, nº 99",45183,"Ventas de Retamosa, Las",Toledo,2022-07-27 08:09:54,3,5.0,20.3,101.5
478,Rogan,Stuart,"Calle T, nº 143",06053,Fuente del Arco,Badajoz,2022-09-01 23:26:26,3,0.5,29.3,14.65
479,Ori,Rosa,"Calle Q, nº 11",09301,Quintanilla Vivar,Burgos,2022-03-07 16:04:16,3,2.0,23.9,47.8
480,Kenyon,Underwood,"Calle M, nº 234",47157,Sardón de Duero,Valladolid,2022-02-22 01:38:37,3,0.25,18.8,4.7
481,Lydia,Beasley,"Calle V, nº 14",25030,"Pont de Bar, El",Lleida,2022-01-29 02:31:07,3,1.25,29.3,36.625
482,Cherokee,Olsen,"Calle T, nº 96",18040,Cáñar,Granada,2022-12-31 15:59:06,3,4.0,25.6,102.4
483,Stacey,Burton,"Calle T, nº 178",33039,Muros de Nalón,Asturias,2022-11-02 11:14:54,3,4.0,29.8,119.2
484,Baker,Mcdowell,"Calle O, nº 37",22184,Poleñino,Huesca,2022-03-30 12:42:58,3,0.5,33.6,16.8
485,Thomas,Estrada,"Calle F, nº 109",03025,Benferri,Alicante,2022-09-03 10:45:06,3,0.25,32.3,8.075
486,Tasha,Merritt,"Calle L, nº 278",37299,Santiz,Salamanca,2022-10-19 07:41:29,3,5.0,17.2,86.0
487,Bo,Parker,"Calle H, nº 192",01054,Urkabustaiz,Álava,2022-07-08 23:06:26,3,2.0,32.8,65.6
488,Wanda,Wallace,"Calle T, nº 399",34102,Mazariegos,Palencia,2022-11-14 08:25:48,3,1.25,31.7,39.625
489,Brian,Lynn,"Calle I, nº 313",27037,"Nogais, As",Lugo,2022-10-04 15:53:31,3,0.75,33.0,24.75
490,Hashim,Kidd,"Calle P, nº 4",10058,Casatejada,Cáceres,2022-01-17 06:12:11,3,0.75,28.5,21.375
491,Yasir,Stevenson,"Calle E, nº 200",45199,"Viso de San Juan, El",Toledo,2022-07-02 04:19:34,3,1.5,32.7,49.050000000000004
492,Miriam,Fox,"Calle X, nº 165",46227,Senyera,Valencia,2022-06-01 12:58:16,3,4.0,17.3,69.2
493,Quinlan,Mann,"Calle K, nº 64",05072,Espinosa de los Caballeros,Ávila,2022-05-09 23:53:31,3,1.25,26.8,33.5
494,Madeson,Curtis,"Calle D, nº 74",16243,Villaescusa de Haro,Cuenca,2022-03-22 06:42:07,3,1.5,30.5,45.75
495,Abdul,Romero,"Calle Y, nº 370",21902,"Zarza-Perrunal, La",Huelva,2022-09-10 18:51:05,3,0.75,24.9,18.674999999999997
496,Carson,Sims,"Calle X, nº 327",20061,Orio,Gipuzkoa,2022-04-17 23:32:27,3,1.25,20.1,25.125
497,Thomas,Mendez,"Calle E, nº 247",42156,Reznos,Soria,2022-07-20 09:21:48,3,3.0,30.5,91.5
498,Mikayla,Todd,"Calle B, nº 10",03056,Cocentaina,Alicante,2022-10-26 18:58:56,3,3.0,29.2,87.6
499,Arden,Spencer,"Calle W, nº 82",09330,Salas de los Infantes,Burgos,2022-01-15 10:59:00,3,5.0,26.2,131.0
500,Janna,Chan,"Calle E, nº 322",17230,Vila-sacra,Girona,2022-11-24 16:18:59,3,1.5,17.9,26.849999999999998
501,Raya,Dunn,"Calle S, nº 10",43002,Albinyana,Tarragona,2022-03-15 16:28:12,3,3.0,19.7,59.099999999999994
502,Michelle,Mosley,"Calle Y, nº 305",25908,Fígols i Alinyà,Lleida,2022-11-21 05:05:38,3,2.0,29.9,59.8
503,Robin,Cunningham,"Calle H, nº 383",09036,Bañuelos de Bureba,Burgos,2022-12-07 06:38:26,3,3.0,21.2,63.599999999999994
504,Lewis,Morales,"Calle Y, nº 48",48005,Arakaldo,Bizkaia,2022-06-28 01:48:30,3,0.5,28.8,14.4
505,Cally,Holden,"Calle P, nº 94",34131,Población de Arroyo,Palencia,2022-08-25 00:09:00,3,0.25,34.3,8.575
506,Wynne,Becker,"Calle G, nº 234",47198,Villacarralón,Valladolid,2022-12-06 11:34:56,3,0.25,15.7,3.925
507,Camden,Holmes,"Calle K, nº 348",16096,Graja de Iniesta,Cuenca,2022-02-06 12:05:37,3,0.5,25.1,12.55
508,Stuart,Booth,"Calle W, nº 368",44105,Fórnoles,Teruel,2022-10-25 18:23:25,3,1.0,32.5,32.5
509,Kenneth,Collier,"Calle I, nº 24",12131,Villamalur,Castellón,2022-08-09 08:11:50,3,5.0,32.4,162.0
510,Emi,Douglas,"Calle I, nº 287",43119,Puigpelat,Tarragona,2022-02-18 17:54:59,3,4.0,31.7,126.8
511,Julie,Berg,"Calle F, nº 179",43088,Montbrió del Camp,Tarragona,2022-05-01 14:25:57,3,1.0,25.1,25.1
512,Marny,Bullock,"Calle D, nº 23",06045,Entrín Bajo,Badajoz,2022-08-01 05:01:43,3,0.25,21.0,5.25
513,Nathaniel,Duran,"Calle W, nº 236",08246,Santa Eugènia de Berga,Barcelona,2022-03-17 05:58:00,3,0.75,15.7,11.774999999999999
514,Nasim,Carr,"Calle M, nº 10",29046,Cortes de la Frontera,Málaga,2022-09-10 15:45:08,3,2.0,28.5,57.0
515,Marshall,Mccarthy,"Calle P, nº 97",19105,Chiloeches,Guadalajara,2022-08-05 20:51:13,3,1.0,32.7,32.7
516,Derek,Moran,"Calle G, nº 129",24021,Boñar,León,2022-01-14 10:01:47,3,1.0,17.0,17.0
517,Sonia,Tran,"Calle L, nº 384",31041,Ayegui/Aiegi,Navarra,2022-05-01 01:33:32,3,1.25,21.8,27.25
518,Myra,Hale,"Calle W, nº 354",45901,Santo Domingo-Caudilla,Toledo,2022-06-17 09:09:02,3,3.0,30.0,90.0
519,Igor,Forbes,"Calle N, nº 376",20042,Ibarra,Gipuzkoa,2022-01-20 17:07:02,3,2.0,29.9,59.8
520,Hillary,Hale,"Calle Z, nº 369",22062,Bisaurri,Huesca,2022-12-17 21:59:54,3,1.0,22.8,22.8
521,Richard,Lancaster,"Calle B, nº 307",25206,"Soleràs, El",Lleida,2022-08-01 14:33:14,3,5.0,23.8,119.0
522,Wilma,Kennedy,"Calle D, nº 104",12042,Catí,Castellón,2022-09-06 19:22:37,3,3.0,30.2,90.6
523,Quintessa,Rogers,"Calle J, nº 398",09360,San Vicente del Valle,Burgos,2022-06-28 06:43:30,7,3.0,19.2,57.599999999999994
524,Nell,Vance,"Calle D, nº 137",34163,San Mamés de Campos,Palencia,2022-03-16 21:15:30,7,1.25,16.9,21.125
525,Hyatt,Stanton,"Calle W, nº 118",37375,Villoruela,Salamanca,2022-10-22 13:35:05,7,4.0,28.4,113.6
526,Branden,Morse,"Calle C, nº 17",17139,"Preses, Les",Girona,2022-01-30 00:02:07,7,0.75,34.1,25.575000000000003
527,Maxwell,Lawrence,"Calle L, nº 389",25016,Alguaire,Lleida,2022-08-15 15:37:21,7,1.0,24.9,24.9
528,Walter,Poole,"Calle B, nº 338",34035,Boadilla de Rioseco,Palencia,2022-05-27 02:31:51,7,5.0,26.6,133.0
529,Bernard,Cabrera,"Calle R, nº 62",05166,Navarredondilla,Ávila,2022-08-28 21:34:23,7,2.0,30.1,60.2
530,Eleanor,Peck,"Calle J, nº 256",49181,Rosinos de la Requejada,Zamora,2022-01-04 06:56:46,7,5.0,25.3,126.5
531,Melodie,Douglas,"Calle P, nº 180",12104,Segorbe,Castellón,2022-07-23 11:09:37,7,1.5,29.9,44.849999999999994
532,Jeremy,Cunningham,"Calle A, nº 42",29062,Iznate,Málaga,2022-09-13 17:46:49,7,0.25,15.5,3.875
533,John,Murray,"Calle O, nº 49",27004,Baleira,Lugo,2022-05-02 00:29:05,7,2.0,20.2,40.4
534,Fallon,Mcfadden,"Calle S, nº 55",13092,Villanueva de la Fuente,Ciudad Real,2022-11-30 04:20:57,7,0.5,27.8,13.9
535,Maxine,Hawkins,"Calle I, nº 348",34011,Amusco,Palencia,2022-12-05 10:47:33,7,0.25,23.9,5.975
536,Cole,Diaz,"Calle C, nº 210",40031,Bernuy de Porreros,Segovia,2022-08-05 01:10:27,7,1.5,22.9,34.349999999999994
537,Orlando,Weaver,"Calle E, nº 32",08098,Sant Salvador de Guardiola,Barcelona,2022-10-21 14:28:52,7,0.5,28.3,14.15
538,Marcia,Powers,"Calle F, nº 367",09425,Vilviestre del Pinar,Burgos,2022-05-31 17:49:02,7,0.5,25.3,12.65
539,Jane,Beard,"Calle A, nº 62",33055,Ribadedeva,Asturias,2022-06-08 18:49:52,7,1.5,34.7,52.050000000000004
540,Kane,Graves,"Calle B, nº 169",36055,Tui,Pontevedra,2022-04-02 01:41:19,7,1.25,30.1,37.625
541,Sylvester,Curtis,"Calle W, nº 235",19135,Hiendelaencina,Guadalajara,2022-03-14 09:08:28,7,1.0,15.8,15.8
542,Jeremy,Gould,"Calle E, nº 162",22136,Lalueza,Huesca,2022-01-27 05:55:46,7,1.5,31.0,46.5
543,Cecilia,Cook,"Calle Q, nº 8",45038,Carranque,Toledo,2022-09-25 09:14:55,7,0.75,34.9,26.174999999999997
544,Nathaniel,Dunn,"Calle H, nº 294",45006,Alcaudete de la Jara,Toledo,2022-01-14 08:27:12,7,0.75,32.4,24.299999999999997
545,Vanna,Lawrence,"Calle D, nº 31",24124,Quintana del Marco,León,2022-07-26 22:28:55,7,1.0,31.9,31.9
546,Kerry,Perez,"Calle B, nº 314",43104,"Perelló, El",Tarragona,2022-03-06 23:16:04,7,0.5,17.4,8.7
547,Slade,Wynn,"Calle X, nº 352",25001,Abella de la Conca,Lleida,2022-12-24 13:21:04,7,0.5,19.5,9.75
548,Vera,Parker,"Calle N, nº 165",22205,San Esteban de Litera,Huesca,2022-08-01 00:36:17,7,2.0,15.8,31.6
549,Nelle,Herring,"Calle P, nº 336",15077,Santa Comba,Coruña,2022-03-18 06:40:36,7,0.5,15.7,7.85
550,Igor,Larsen,"Calle K, nº 40",23005,Andújar,Jaén,2022-03-24 13:59:39,7,4.0,25.3,101.2
551,Reed,Meyer,"Calle T, nº 10",00000,Terrer,Not_Found,2022-05-23 21:02:37,7,0.75,28.5,21.375
552,Mira,Cabrera,"Calle Q, nº 236",29092,Totalán,Málaga,2022-09-28 20:09:44,7,1.25,19.9,24.875
553,Ayanna,Gaines,"Calle Y, nº 380",26002,Agoncillo,La Rioja,2022-05-09 18:09:57,7,3.0,30.3,90.9
554,Alfreda,Joyce,"Calle N, nº 185",19109,Embid,Guadalajara,2022-03-29 22:44:02,7,4.0,16.6,66.4
555,Kirsten,Rowland,"Calle U, nº 226",37120,Encina de San Silvestre,Salamanca,2022-12-05 07:56:27,7,1.25,16.5,20.625
556,Gary,May,"Calle X, nº 108",10099,Holguera,Cáceres,2022-09-18 12:49:19,7,1.25,15.6,19.5
557,Jason,Sellers,"Calle N, nº 223",41019,Burguillos,Sevilla,2022-07-19 01:59:03,7,0.25,24.3,6.075
558,Denise,Zamora,"Calle G, nº 174",09231,Nebreda,Burgos,2022-06-07 07:52:54,7,4.0,19.2,76.8
559,Jack,Benton,"Calle Y, nº 257",11004,Algeciras,Cádiz,2022-02-06 02:04:53,7,0.25,24.0,6.0
560,Orlando,Casey,"Calle S, nº 248",18116,Lanjarón,Granada,2022-10-18 13:58:31,7,1.0,23.2,23.2
561,Wynter,Nixon,"Calle W, nº 285",15069,Pontedeume,Coruña,2022-07-30 01:18:22,7,1.25,15.3,19.125
562,Mollie,Joyce,"Calle G, nº 228",10139,Pedroso de Acim,Cáceres,2022-12-01 13:46:25,7,1.5,18.9,28.349999999999998
563,Melanie,Stevens,"Calle K, nº 258",15020,Carnota,Coruña,2022-05-03 00:07:52,7,3.0,27.1,81.30000000000001
564,Yasir,Holloway,"Calle T, nº 398",24223,Villarejo de Órbigo,León,2022-12-17 18:26:22,7,1.25,27.6,34.5
565,James,Rowe,"Calle M, nº 126",50212,Pleitas,Zaragoza,2022-05-16 02:58:46,7,1.5,17.6,26.400000000000002
566,Alexandra,Stein,"Calle V, nº 29",19156,Jadraque,Guadalajara,2022-06-28 03:03:44,7,0.75,32.6,24.450000000000003
567,Elvis,Harrington,"Calle D, nº 86",10184,"Torno, El",Cáceres,2022-09-26 18:15:28,7,3.0,16.7,50.099999999999994
568,Jacob,Hooper,"Calle P, nº 168",24038,Carracedelo,León,2022-05-21 00:43:28,7,1.0,19.3,19.3
569,Stewart,Coffey,"Calle L, nº 333",34218,Villaluenga de la Vega,Palencia,2022-09-11 13:51:55,7,2.0,19.1,38.2
570,Amy,Fields,"Calle T, nº 225",37036,San Miguel del Robledo,Salamanca,2022-08-31 23:28:35,7,1.5,22.8,34.2
571,Henry,Robbins,"Calle U, nº 338",37317,Tarazona de Guareña,Salamanca,2022-03-01 04:33:47,7,1.5,16.3,24.450000000000003
572,Kylynn,Mercer,"Calle A, nº 181",12142,Zucaina,Castellón,2022-03-19 03:59:13,7,0.75,24.4,18.299999999999997
573,Gregory,Thomas,"Calle Q, nº 358",50071,Campillo de Aragón,Zaragoza,2022-10-08 03:21:10,7,1.5,27.1,40.650000000000006
574,Nicole,Small,"Calle P, nº 331",33071,Taramundi,Asturias,2022-08-16 18:23:36,7,4.0,25.6,102.4
575,Jasmine,Lucas,"Calle M, nº 166",16078,Cuenca,Cuenca,2022-10-20 00:29:45,7,0.5,26.1,13.05
576,Neil,Kramer,"Calle V, nº 344",31059,Burgui/Burgi,Navarra,2022-11-05 23:57:26,7,1.25,25.4,31.75
577,Briar,Oneal,"Calle N, nº 84",17147,Ripoll,Girona,2022-05-26 10:51:45,7,1.25,23.8,29.75
578,Kato,Sloan,"Calle M, nº 359",40013,Aldeasoña,Segovia,2022-12-27 06:38:02,7,1.5,18.7,28.049999999999997
579,Lionel,Webster,"Calle E, nº 98",39025,"Corrales de Buelna, Los",Cantabria,2022-12-12 01:58:32,7,1.25,24.9,31.125
580,Harper,Turner,"Calle B, nº 176",08151,Oristà,Barcelona,2022-06-02 07:53:04,7,5.0,20.8,104.0
581,Edward,Rivas,"Calle M, nº 173",06076,Maguilla,Badajoz,2022-03-02 04:43:41,7,0.75,29.6,22.200000000000003
582,Francesca,Zimmerman,"Calle K, nº 368",37334,Valdelageve,Salamanca,2022-11-19 06:26:30,7,3.0,21.0,63.0
583,Jayme,Lott,"Calle Z, nº 322",14072,Villaralto,Córdoba,2022-07-10 11:35:33,7,0.5,21.7,10.85
584,Price,Rose,"Calle U, nº 154",28132,San Martín de la Vega,Madrid,2022-10-15 21:59:21,7,4.0,32.4,129.6
585,Chadwick,Mayo,"Calle H, nº 323",24146,San Esteban de Nogales,León,2022-09-30 20:39:01,7,1.0,20.5,20.5
586,Chanda,Jennings,"Calle K, nº 346",16088,Fuentelespino de Moya,Cuenca,2022-04-09 01:23:24,7,3.0,16.9,50.699999999999996
587,Faith,Gray,"Calle Z, nº 27",02079,Villamalea,Albacete,2022-08-01 13:10:56,7,1.5,27.4,41.099999999999994
588,Noel,Miles,"Calle G, nº 224",24116,Posada de Valdeón,León,2022-10-25 08:22:40,7,0.5,27.0,13.5
589,Nehru,Oliver,"Calle W, nº 108",12015,Argelita,Castellón,2022-03-14 09:00:42,7,0.75,27.6,20.700000000000003
590,Indira,Aguilar,"Calle B, nº 3",46073,Bolbaite,Valencia,2022-02-02 15:57:44,7,0.75,31.2,23.4
591,Ursa,Rivers,"Calle P, nº 171",37026,Aldehuela de Yeltes,Salamanca,2022-11-27 22:33:52,7,4.0,19.0,76.0
592,Barclay,Harding,"Calle J, nº 323",46211,"Real de Gandia, el",Valencia,2022-10-09 20:14:13,7,1.25,31.7,39.625
593,Madeline,Goff,"Calle B, nº 375",09084,Castrillo de la Reina,Burgos,2022-08-14 00:56:40,7,1.25,25.4,31.75
594,Victoria,Christian,"Calle G, nº 315",50015,Alconchel de Ariza,Zaragoza,2022-01-01 14:31:14,7,0.25,21.5,5.375
595,Gage,Spears,"Calle L, nº 276",31075,Ciriza/Ziritza,Navarra,2022-12-16 18:00:30,7,1.25,34.0,42.5
596,Zia,Austin,"Calle D, nº 367",37282,Sanchotello,Salamanca,2022-06-26 00:44:15,7,0.25,31.8,7.95
597,Graiden,Reid,"Calle A, nº 158",09309,Regumiel de la Sierra,Burgos,2022-01-09 05:36:47,7,0.25,22.8,5.7
598,Cailin,Larsen,"Calle I, nº 180",46018,Alcublas,Valencia,2022-02-16 19:42:15,7,0.5,26.0,13.0
599,Leroy,Guerra,"Calle J, nº 391",31034,Aribe,Navarra,2022-08-26 19:20:20,7,5.0,17.5,87.5
600,Madeson,Schmidt,"Calle K, nº 27",49050,Cobreros,Zamora,2022-10-22 00:04:57,7,0.25,24.7,6.175
601,Harding,Waters,"Calle K, nº 156",48073,Ondarroa,Bizkaia,2022-12-17 15:12:34,7,0.75,30.5,22.875
602,Cailin,Butler,"Calle R, nº 44",49199,Santa Colomba de las Monjas,Zamora,2022-06-28 15:47:21,7,0.75,16.1,12.075000000000001
603,Aretha,Levine,"Calle S, nº 145",14002,Aguilar de la Frontera,Córdoba,2022-02-03 00:32:26,7,0.5,17.5,8.75
604,Donovan,Diaz,"Calle O, nº 34",21047,Manzanilla,Huelva,2022-11-20 03:22:48,7,1.5,26.8,40.2
605,Wynter,Terrell,"Calle Z, nº 251",15013,Brión,Coruña,2022-06-18 01:07:33,7,2.0,18.2,36.4
606,Oren,Burch,"Calle N, nº 16",36015,Cuntis,Pontevedra,2022-11-27 17:20:25,7,0.25,16.9,4.225
607,Daphne,Huffman,"Calle F, nº 342",46107,Chella,Valencia,2022-02-10 08:55:51,7,3.0,26.4,79.19999999999999
608,Coby,Moody,"Calle R, nº 150",36047,Rodeiro,Pontevedra,2022-08-30 18:13:58,7,1.5,28.5,42.75
609,Xavier,Bright,"Calle M, nº 163",21031,Encinasola,Huelva,2022-11-18 19:07:22,7,2.0,34.8,69.6
610,Wing,Carrillo,"Calle Q, nº 374",05088,Grandes y San Martín,Ávila,2022-01-11 07:11:16,7,1.25,34.2,42.75
611,Prescott,Pate,"Calle Z, nº 102",10075,Fresnedoso de Ibor,Cáceres,2022-08-13 05:27:38,7,1.0,16.6,16.6
612,Jolie,Silva,"Calle Z, nº 223",34199,Velilla del Río Carrión,Palencia,2022-02-06 11:36:27,7,1.25,21.9,27.375
613,Dai,Donovan,"Calle F, nº 383",24169,Toreno,León,2022-05-23 23:19:52,7,2.0,21.6,43.2
614,Charlotte,Page,"Calle X, nº 273",30022,Jumilla,Murcia,2022-04-29 01:29:36,7,1.5,27.1,40.650000000000006
615,Drew,Fitzgerald,"Calle O, nº 139",50180,Mozota,Zaragoza,2022-04-20 08:43:43,7,1.0,28.0,28.0
616,Quyn,Skinner,"Calle X, nº 362",21071,Valdelarco,Huelva,2022-02-09 19:37:38,7,3.0,32.2,96.60000000000001
617,Quyn,Mendez,"Calle E, nº 286",05055,Casillas,Ávila,2022-05-09 06:41:29,7,1.5,24.0,36.0
618,Seth,Mccray,"Calle G, nº 221",41088,San Nicolás del Puerto,Sevilla,2022-11-26 17:19:26,7,2.0,18.0,36.0
619,Lenore,Ramirez,"Calle Z, nº 385",19267,Terzaga,Guadalajara,2022-07-04 08:02:21,7,0.25,23.7,5.925
620,Daphne,Shields,"Calle F, nº 172",22213,Sariñena,Huesca,2022-09-24 10:47:22,7,0.75,30.3,22.725
621,Jonah,Britt,"Calle T, nº 184",09172,Huérmeces,Burgos,2022-12-26 02:51:12,7,1.5,27.5,41.25
622,Elijah,Gallagher,"Calle P, nº 230",45111,Navalmoralejo,Toledo,2022-11-16 18:34:45,7,3.0,28.4,85.19999999999999
623,Derek,Aguilar,"Calle X, nº 48",50156,Maleján,Zaragoza,2022-08-29 23:56:55,7,0.75,24.2,18.15
624,Hilary,Velazquez,"Calle G, nº 388",46251,Vallada,Valencia,2022-04-09 13:01:26,7,1.25,22.3,27.875
625,Adele,Patrick,"Calle V, nº 65",10066,Conquista de la Sierra,Cáceres,2022-08-04 10:28:52,7,2.0,31.8,63.6
626,Drew,Roberson,"Calle H, nº 357",02040,Hoya-Gonzalo,Albacete,2022-02-11 09:13:34,7,0.5,24.2,12.1
627,Hayley,Rowe,"Calle Z, nº 176",07045,Puigpunyent,Baleares,2022-12-30 13:32:36,7,5.0,34.4,172.0
628,Emi,Austin,"Calle R, nº 312",19210,Paredes de Sigüenza,Guadalajara,2022-07-26 01:30:33,7,1.0,33.0,33.0
629,Maisie,Hunter,"Calle N, nº 105",41079,"Puebla del Río, La",Sevilla,2022-12-08 13:11:36,7,3.0,32.8,98.39999999999999
630,Russell,Bernard,"Calle Z, nº 71",19277,Torrecuadrada de Molina,Guadalajara,2022-07-15 06:49:02,7,4.0,18.2,72.8
631,Wynne,Morin,"Calle T, nº 167",21055,Palos de la Frontera,Huelva,2022-11-12 16:49:50,7,1.25,15.7,19.625
632,Thane,Whitfield,"Calle L, nº 33",10018,Aliseda,Cáceres,2022-03-25 17:33:46,7,1.5,25.5,38.25
633,Alisa,Delaney,"Calle X, nº 368",42053,Carrascosa de Abajo,Soria,2022-06-02 05:29:48,7,1.0,22.5,22.5
634,Craig,Bray,"Calle V, nº 171",43032,Bot,Tarragona,2022-12-29 11:36:01,7,1.25,31.0,38.75
635,Conan,Smith,"Calle L, nº 206",47056,Corrales de Duero,Valladolid,2022-11-02 02:09:05,7,0.75,32.1,24.075000000000003
636,Stewart,Yates,"Calle H, nº 298",47124,Pozaldez,Valladolid,2022-06-08 16:23:33,7,0.5,28.4,14.2
637,Priscilla,Peterson,"Calle T, nº 389",32061,Piñor,Ourense,2022-12-04 09:19:10,7,5.0,20.2,101.0
638,Quinlan,Rush,"Calle B, nº 324",31018,Añorbe,Navarra,2022-05-29 18:44:50,7,3.0,16.8,50.400000000000006
639,Velma,Roy,"Calle Q, nº 315",37252,Pinedas,Salamanca,2022-01-28 04:28:05,7,1.25,15.6,19.5
640,Davis,Short,"Calle A, nº 106",50085,Codo,Zaragoza,2022-01-19 15:01:29,7,4.0,20.7,82.8
641,Reese,Alston,"Calle H, nº 172",17903,Sant Julià del Llor i Bonmatí,Girona,2022-07-13 09:47:16,7,0.5,19.6,9.8
642,Charles,Kinney,"Calle D, nº 397",17132,Peralada,Girona,2022-11-27 03:16:58,7,0.25,15.9,3.975
643,Sebastian,Tran,"Calle E, nº 53",47189,Velascálvaro,Valladolid,2022-01-07 06:29:49,7,0.5,15.2,7.6
644,Ocean,Marsh,"Calle O, nº 45",25073,Cervià de les Garrigues,Lleida,2022-03-01 04:37:03,7,1.0,29.8,29.8
645,Zenia,Valdez,"Calle K, nº 244",41095,Utrera,Sevilla,2022-04-27 03:49:29,4,1.25,17.6,22.0
646,Paloma,Mcintyre,"Calle D, nº 203",42164,San Leonardo de Yagüe,Soria,2022-12-03 03:51:03,4,0.75,33.2,24.900000000000002
647,Carissa,Merritt,"Calle D, nº 197",37367,Villasbuenas,Salamanca,2022-09-10 12:14:38,4,5.0,16.6,83.0
648,Judah,Newman,"Calle U, nº 394",22251,Villanueva de Sigena,Huesca,2022-06-11 09:09:24,4,5.0,18.5,92.5
649,Renee,Drake,"Calle W, nº 245",28057,Fresno de Torote,Madrid,2022-03-26 18:06:00,4,5.0,26.2,131.0
650,Mechelle,Mooney,"Calle I, nº 289",04904,Balanegra,Almería,2022-08-03 07:29:48,4,1.25,34.8,43.5
651,Lillian,Dudley,"Calle J, nº 155",08293,Vallcebre,Barcelona,2022-10-21 08:49:49,4,5.0,17.1,85.5
652,Andrew,Mack,"Calle S, nº 353",23062,Montizón,Jaén,2022-10-07 05:20:03,4,3.0,27.7,83.1
653,Cara,Norton,"Calle X, nº 168",03047,Calp,Alicante,2022-09-30 16:35:06,4,3.0,33.1,99.30000000000001
654,Jena,Boyer,"Calle R, nº 279",07061,Sóller,Baleares,2022-12-11 22:24:45,4,1.5,30.8,46.2
655,Raven,Mccray,"Calle N, nº 192",35001,Agaete,Las Palmas,2022-05-27 09:52:12,4,1.25,28.9,36.125
656,Tyler,Romero,"Calle P, nº 220",40173,Roda de Eresma,Segovia,2022-07-03 22:27:37,4,0.5,31.5,15.75
657,Brennan,Ramsey,"Calle L, nº 293",39002,Ampuero,Cantabria,2022-03-07 11:12:49,4,1.0,27.5,27.5
658,Lamar,Emerson,"Calle T, nº 59",06060,Guareña,Badajoz,2022-12-20 20:07:07,4,5.0,32.5,162.5
659,Beau,Padilla,"Calle A, nº 17",24029,Cabrillanes,León,2022-03-11 12:08:49,4,1.0,33.9,33.9
660,Sharon,Carson,"Calle M, nº 265",06106,Puebla del Prior,Badajoz,2022-01-04 19:31:02,4,1.0,31.5,31.5
661,Alma,Rojas,"Calle Z, nº 350",16173,"Valle de Altomira, El",Cuenca,2022-02-23 19:32:22,4,5.0,32.7,163.5
662,Caesar,Lambert,"Calle Q, nº 10",08255,Santa Maria de Merlès,Barcelona,2022-09-29 08:37:54,4,1.0,34.5,34.5
663,Merritt,Shelton,"Calle J, nº 384",42193,Valdelagua del Cerro,Soria,2022-01-19 20:26:20,4,1.25,17.3,21.625
664,Anika,Olson,"Calle O, nº 131",23088,Torreperogil,Jaén,2022-06-30 20:45:04,4,2.0,15.8,31.6
665,Montana,Dixon,"Calle O, nº 223",26058,Enciso,La Rioja,2022-11-25 14:56:18,4,4.0,17.5,70.0
666,Sydney,Trevino,"Calle F, nº 338",28165,Valdilecha,Madrid,2022-12-15 03:52:03,4,1.5,31.4,47.099999999999994
667,Simone,Greer,"Calle D, nº 366",22007,Albalate de Cinca,Huesca,2022-03-27 23:40:22,4,1.5,20.5,30.75
668,Brady,Clay,"Calle Y, nº 324",19334,Zarzuela de Jadraque,Guadalajara,2022-10-29 05:59:02,4,0.25,20.7,5.175
669,Colt,House,"Calle O, nº 153",09318,Riocavado de la Sierra,Burgos,2022-10-04 06:27:38,4,4.0,25.3,101.2
670,Merrill,Case,"Calle N, nº 160",05198,Salvadiós,Ávila,2022-05-20 09:55:48,4,2.0,26.8,53.6
671,Joshua,Perez,"Calle O, nº 146",39042,Medio Cudeyo,Cantabria,2022-02-10 18:37:21,4,1.5,17.7,26.549999999999997
672,Levi,Warner,"Calle S, nº 112",05131,Mirueña de los Infanzones,Ávila,2022-02-04 05:55:20,4,1.0,29.8,29.8
673,Hannah,Marshall,"Calle A, nº 239",26050,Cirueña,La Rioja,2022-12-29 15:55:51,4,5.0,30.8,154.0
674,Odysseus,Olson,"Calle P, nº 251",31002,Abárzuza/Abartzuza,Navarra,2022-04-07 14:17:32,4,1.0,26.3,26.3
675,Louis,Johnson,"Calle F, nº 344",02032,Fuensanta,Albacete,2022-07-11 02:55:23,4,2.0,34.4,68.8
676,Meghan,Gamble,"Calle K, nº 89",40111,Lastras del Pozo,Segovia,2022-02-08 03:06:25,4,0.5,17.5,8.75
677,Josiah,Love,"Calle T, nº 219",08090,Gaià,Barcelona,2022-10-27 04:53:14,4,4.0,21.8,87.2
678,Ulric,Fitzgerald,"Calle V, nº 52",06115,"Roca de la Sierra, La",Badajoz,2022-01-22 23:42:23,4,1.5,27.9,41.849999999999994
679,Sharon,Walter,"Calle Y, nº 240",29038,Cártama,Málaga,2022-08-13 16:36:45,4,1.5,29.7,44.55
680,Rebekah,Anthony,"Calle P, nº 21",05080,Gallegos de Sobrinos,Ávila,2022-09-05 02:22:02,4,3.0,17.9,53.699999999999996
681,Debra,Underwood,"Calle X, nº 380",28157,Valdelaguna,Madrid,2022-01-22 21:07:17,4,0.75,34.1,25.575000000000003
682,Sebastian,Stephens,"Calle A, nº 14",18193,"Zubia, La",Granada,2022-08-22 03:53:34,4,1.0,34.4,34.4
683,Michael,Anderson,"Calle P, nº 377",31116,Genevilla,Navarra,2022-01-29 14:11:56,4,1.0,31.4,31.4
684,Lilah,Huffman,"Calle K, nº 70",40092,Fuentidueña,Segovia,2022-12-26 14:43:07,4,0.25,26.7,6.675
685,Colton,Rhodes,"Calle Z, nº 119",40121,Martín Muñoz de las Posadas,Segovia,2022-05-20 03:45:05,4,1.5,29.0,43.5
686,Adria,Mitchell,"Calle C, nº 360",20069,Donostia/San Sebastián,Gipuzkoa,2022-06-02 07:21:24,4,2.0,32.3,64.6
687,Debra,Reeves,"Calle O, nº 232",46141,Higueruelas,Valencia,2022-10-20 06:11:00,4,5.0,18.8,94.0
688,Ina,Finley,"Calle Q, nº 126",16016,Almendros,Cuenca,2022-10-01 07:47:32,4,4.0,17.6,70.4
689,Griffin,Wiley,"Calle C, nº 193",00000,Beade,Not_Found,2022-08-16 18:22:57,4,2.0,34.8,69.6
690,Arden,Delaney,"Calle Y, nº 350",25180,Puiggròs,Lleida,2022-07-05 05:37:21,4,1.25,21.4,26.75
691,Zane,Boone,"Calle W, nº 47",26074,Hervías,La Rioja,2022-04-15 03:09:09,4,0.25,19.6,4.9
692,Ruth,Sheppard,"Calle B, nº 85",19296,Utande,Guadalajara,2022-12-05 21:38:42,4,2.0,16.4,32.8
693,Deborah,Small,"Calle G, nº 172",48074,Urduña/Orduña,Bizkaia,2022-06-08 15:20:30,4,5.0,18.8,94.0
694,Timon,Hutchinson,"Calle B, nº 338",47089,Melgar de Arriba,Valladolid,2022-01-11 20:54:05,4,4.0,18.5,74.0
695,Tanek,Haney,"Calle X, nº 75",50220,Puendeluna,Zaragoza,2022-07-20 21:31:19,4,0.75,28.6,21.450000000000003
696,Melanie,Mcgee,"Calle W, nº 82",31185,Ochagavía/Otsagabia,Navarra,2022-03-04 14:26:09,4,0.75,31.4,23.549999999999997
697,Ila,Oneal,"Calle N, nº 363",40200,Tabanera la Luenga,Segovia,2022-11-05 07:23:23,4,0.25,21.5,5.375
698,Clio,Vargas,"Calle D, nº 377",10154,Rebollar,Cáceres,2022-12-13 10:44:30,4,0.75,32.7,24.525000000000002
699,Kelsey,Swanson,"Calle L, nº 400",23079,Santisteban del Puerto,Jaén,2022-08-31 09:43:00,4,3.0,17.3,51.900000000000006
700,Bert,Wood,"Calle V, nº 174",25134,Menàrguens,Lleida,2022-02-10 14:20:08,4,2.0,22.3,44.6
701,Nathaniel,Rios,"Calle Z, nº 14",49080,Fuentelapeña,Zamora,2022-04-25 09:31:51,4,1.0,24.4,24.4
702,Hayfa,Mayo,"Calle Y, nº 102",43015,Arbolí,Tarragona,2022-03-31 12:43:32,4,1.5,33.4,50.099999999999994
703,Jameson,Carr,"Calle F, nº 333",44022,Alloza,Teruel,2022-07-27 05:08:13,4,0.5,30.7,15.35
704,Jessica,Gay,"Calle S, nº 364",13023,Bolaños de Calatrava,Ciudad Real,2022-03-10 18:00:26,4,4.0,30.8,123.2
705,Cameron,Perez,"Calle V, nº 273",47224,Villarmentero de Esgueva,Valladolid,2022-11-18 21:06:39,4,0.75,29.0,21.75
706,Felicia,Copeland,"Calle W, nº 319",44219,Tornos,Teruel,2022-09-11 19:57:17,4,0.5,31.5,15.75
707,Hashim,Fox,"Calle F, nº 249",26010,Alesón,La Rioja,2022-03-10 02:42:16,4,1.0,25.4,25.4
708,Rosalyn,Mitchell,"Calle M, nº 235",24099,Matanza,León,2022-10-26 09:12:21,4,1.25,23.9,29.875
709,Rina,Kirby,"Calle L, nº 265",49265,Villardiegua de la Ribera,Zamora,2022-02-03 14:24:54,4,3.0,20.2,60.599999999999994
710,Castor,Arnold,"Calle O, nº 12",30014,Campos del Río,Murcia,2022-09-22 07:53:51,4,0.5,21.3,10.65
711,Marcia,Walsh,"Calle T, nº 274",46172,Montserrat,Valencia,2022-04-28 19:28:13,4,1.0,25.1,25.1
712,Micah,Britt,"Calle P, nº 61",40139,Navafría,Segovia,2022-06-01 09:01:32,4,0.5,22.3,11.15
713,Chava,Carter,"Calle D, nº 74",22037,Arguis,Huesca,2022-11-26 15:48:57,4,2.0,30.2,60.4
714,Zahir,Fry,"Calle B, nº 48",50148,Luesia,Zaragoza,2022-11-21 22:02:31,4,3.0,19.5,58.5
715,Castor,Key,"Calle D, nº 7",17101,Massanes,Girona,2022-11-06 20:28:16,4,3.0,28.5,85.5
716,Ryan,Mcintosh,"Calle Q, nº 188",10177,Sierra de Fuentes,Cáceres,2022-11-10 11:39:16,4,0.5,29.4,14.7
717,May,Knight,"Calle E, nº 162",40021,Arevalillo de Cega,Segovia,2022-08-02 12:07:25,4,1.25,23.3,29.125
718,Jesse,Martin,"Calle J, nº 78",37382,Zorita de la Frontera,Salamanca,2022-05-23 05:05:10,4,3.0,15.1,45.3
719,Autumn,Carson,"Calle H, nº 292",26118,Pradillo,La Rioja,2022-04-28 08:50:49,4,0.5,20.8,10.4
720,Dane,Gill,"Calle Q, nº 38",12088,Pavías,Castellón,2022-03-26 23:00:32,4,0.75,15.9,11.925
721,Myra,Poole,"Calle C, nº 262",08035,Calella,Barcelona,2022-01-31 02:17:21,4,0.25,31.5,7.875
722,Eugenia,Baldwin,"Calle G, nº 349",10123,Mirabel,Cáceres,2022-08-01 04:57:27,4,3.0,23.9,71.69999999999999
723,Morgan,Kent,"Calle H, nº 317",13070,Puerto Lápice,Ciudad Real,2022-11-19 21:15:00,4,1.5,24.4,36.599999999999994
724,Maryam,Long,"Calle Y, nº 191",14056,Puente Genil,Córdoba,2022-08-12 00:26:45,4,1.0,22.6,22.6
725,Graiden,Petersen,"Calle W, nº 400",17220,Viladrau,Girona,2022-03-25 02:12:07,4,5.0,29.8,149.0
726,Dean,Fox,"Calle M, nº 124",31130,Iturmendi,Navarra,2022-10-10 01:22:05,4,0.25,25.5,6.375
727,Colette,Delgado,"Calle F, nº 99",19286,Tórtola de Henares,Guadalajara,2022-11-25 16:43:28,4,1.5,29.7,44.55
728,Kathleen,Kirby,"Calle P, nº 245",32002,Amoeiro,Ourense,2022-07-01 23:00:18,4,1.5,31.3,46.95
729,Caesar,Moon,"Calle X, nº 390",29099,Viñuela,Málaga,2022-04-30 11:21:51,4,1.25,17.4,21.75
730,Olga,Howe,"Calle R, nº 226",04077,Rágol,Almería,2022-06-17 15:26:31,4,1.25,31.7,39.625
731,Callie,Ray,"Calle L, nº 193",29014,Alpandeire,Málaga,2022-10-28 01:58:02,4,0.5,25.0,12.5
732,Otto,Coffey,"Calle Y, nº 340",37193,Miranda del Castañar,Salamanca,2022-01-08 17:03:20,4,1.0,25.9,25.9
733,Cruz,Craig,"Calle X, nº 105",12025,Benafigos,Castellón,2022-11-08 17:25:39,4,1.5,30.8,46.2
734,Valentine,Mathis,"Calle V, nº 385",05018,Avellaneda,Ávila,2022-09-14 01:15:59,4,1.5,15.8,23.700000000000003
735,Aurora,Wynn,"Calle F, nº 282",47173,Traspinedo,Valladolid,2022-11-15 03:48:34,4,0.75,30.4,22.799999999999997
736,Chaim,Chaney,"Calle K, nº 142",09094,Cebrecos,Burgos,2022-03-17 02:49:35,4,1.25,27.8,34.75
737,Phelan,Brewer,"Calle O, nº 281",08067,Centelles,Barcelona,2022-12-06 18:23:25,4,3.0,32.5,97.5
738,Silas,Page,"Calle Y, nº 320",08128,Monistrol de Calders,Barcelona,2022-02-11 23:09:03,4,2.0,18.2,36.4
739,Ulla,Norman,"Calle U, nº 287",18181,Turón,Granada,2022-02-10 12:54:30,4,3.0,24.9,74.69999999999999
740,Nicholas,Trevino,"Calle N, nº 224",37309,"Sierpe, La",Salamanca,2022-04-24 01:21:53,4,3.0,25.6,76.80000000000001
741,Pandora,Larson,"Calle T, nº 44",08143,Òdena,Barcelona,2022-12-14 18:36:40,4,5.0,34.4,172.0
742,Caryn,Hensley,"Calle N, nº 379",37228,Palaciosrubios,Salamanca,2022-07-27 11:42:53,4,1.0,20.7,20.7
743,Emerald,Mckinney,"Calle N, nº 295",25079,Cubells,Lleida,2022-05-12 01:29:51,4,4.0,18.0,72.0
744,Merritt,May,"Calle C, nº 22",06154,Villanueva del Fresno,Badajoz,2022-12-30 01:41:01,4,1.25,29.2,36.5
745,Karleigh,Ewing,"Calle K, nº 324",41064,Montellano,Sevilla,2022-06-24 18:24:23,4,1.0,21.5,21.5
746,Trevor,Roman,"Calle C, nº 147",43112,Poboleda,Tarragona,2022-12-10 10:25:09,4,0.75,30.4,22.799999999999997
747,Carolyn,Casey,"Calle N, nº 388",41034,Coria del Río,Sevilla,2022-04-23 00:36:27,4,0.75,19.5,14.625
748,Gage,Lambert,"Calle E, nº 120",37209,Mozárbez,Salamanca,2022-05-27 23:14:03,4,4.0,18.1,72.4
749,Jaime,Roach,"Calle V, nº 62",24063,Cubillas de Rueda,León,2022-11-18 08:24:17,4,5.0,22.3,111.5
750,Burton,Dalton,"Calle E, nº 342",15061,Ortigueira,Coruña,2022-11-25 06:17:14,4,0.75,29.7,22.275
751,Clinton,Mendez,"Calle R, nº 339",28065,Getafe,Madrid,2022-07-08 19:25:20,4,1.5,31.1,46.650000000000006
752,Jamal,Gibson,"Calle D, nº 325",17197,Torrent,Girona,2022-10-27 20:30:40,4,5.0,31.7,158.5
753,Regina,Sims,"Calle F, nº 382",50047,Berdejo,Zaragoza,2022-10-06 02:45:31,4,1.25,31.7,39.625
754,Florence,Crawford,"Calle S, nº 400",25224,"Torms, Els",Lleida,2022-02-25 12:14:26,4,4.0,28.4,113.6
755,Bo,Macdonald,"Calle L, nº 21",19174,Matillas,Guadalajara,2022-02-10 12:47:04,4,0.5,28.0,14.0
756,Stephanie,Flynn,"Calle C, nº 267",43165,Vilabella,Tarragona,2022-05-30 07:25:30,6,0.25,23.6,5.9
757,Reuben,Deleon,"Calle X, nº 347",50164,Mediana de Aragón,Zaragoza,2022-10-11 19:48:01,6,2.0,25.3,50.6
758,Norman,Chan,"Calle X, nº 248",31192,Olóriz/Oloritz,Navarra,2022-04-19 13:33:56,6,1.0,28.0,28.0
759,Quin,Dominguez,"Calle O, nº 389",17021,Beuda,Girona,2022-04-02 19:21:28,6,0.5,15.6,7.8
760,Hayfa,Gibson,"Calle K, nº 110",34237,Villaumbrales,Palencia,2022-03-05 05:30:48,6,2.0,21.2,42.4
761,Joy,Clemons,"Calle S, nº 250",47132,Ramiro,Valladolid,2022-10-06 17:37:44,6,0.5,21.3,10.65
762,Craig,Solomon,"Calle X, nº 388",08073,Cornellà de Llobregat,Barcelona,2022-10-07 10:59:24,6,0.25,24.6,6.15
763,Magee,Colon,"Calle J, nº 45",49040,Castrillo de la Guareña,Zamora,2022-11-13 20:26:57,6,1.0,23.6,23.6
764,Lee,Weiss,"Calle I, nº 207",35016,"Palmas de Gran Canaria, Las",Las Palmas,2022-11-28 14:53:42,6,0.25,25.7,6.425
765,Ray,Browning,"Calle U, nº 98",19007,Albares,Guadalajara,2022-03-07 02:05:13,6,3.0,24.8,74.4
766,Aileen,Estrada,"Calle O, nº 233",15037,Fisterra,Coruña,2022-07-06 12:35:21,6,1.25,28.9,36.125
767,Katelyn,Schmidt,"Calle P, nº 195",19234,Retiendas,Guadalajara,2022-02-16 04:47:48,6,0.5,18.0,9.0
768,Anastasia,Quinn,"Calle N, nº 11",31048,Barillas,Navarra,2022-11-19 07:20:33,6,0.5,19.5,9.75
769,Bevis,Sherman,"Calle G, nº 273",35008,Firgas,Las Palmas,2022-02-18 20:57:52,6,2.0,28.1,56.2
770,Jacqueline,Sharpe,"Calle Q, nº 364",46027,Alfarrasí,Valencia,2022-05-28 10:20:06,6,0.25,31.3,7.825
771,Brian,Giles,"Calle K, nº 158",31208,Ribaforada,Navarra,2022-05-19 00:50:50,6,5.0,32.8,164.0
772,Justin,Brown,"Calle J, nº 105",25151,Olius,Lleida,2022-11-22 01:30:54,6,3.0,18.4,55.199999999999996
773,Mikayla,Peck,"Calle O, nº 16",08217,Sant Joan Despí,Barcelona,2022-06-20 13:54:49,6,1.0,15.6,15.6
774,Shea,Clark,"Calle R, nº 175",34154,Revilla de Collazos,Palencia,2022-03-14 00:58:27,6,0.5,17.9,8.95
775,Leslie,Coffey,"Calle N, nº 279",15093,Zas,Coruña,2022-02-10 23:40:51,6,4.0,20.6,82.4
776,Tanya,Sims,"Calle C, nº 277",50293,Villarroya de la Sierra,Zaragoza,2022-02-05 13:17:38,6,1.0,20.5,20.5
777,Aurora,Walter,"Calle Y, nº 285",26151,Torrecilla en Cameros,La Rioja,2022-04-12 19:27:47,6,5.0,25.0,125.0
778,Darius,Carpenter,"Calle B, nº 270",33014,Carreño,Asturias,2022-09-07 00:21:55,6,2.0,33.2,66.4
779,Alea,Bright,"Calle P, nº 297",09375,Tamarón,Burgos,2022-01-31 08:40:45,6,0.25,27.1,6.775
780,Nicholas,West,"Calle E, nº 354",46168,Miramar,Valencia,2022-12-06 23:54:33,6,0.75,27.3,20.475
781,Kuame,Paul,"Calle F, nº 166",13039,Daimiel,Ciudad Real,2022-04-10 06:19:37,6,4.0,28.2,112.8
782,Lacy,Manning,"Calle K, nº 72",10026,Belvís de Monroy,Cáceres,2022-01-12 03:19:32,6,1.25,30.9,38.625
783,Blossom,Gallagher,"Calle H, nº 291",07021,Estellencs,Baleares,2022-09-21 10:50:42,6,1.5,30.9,46.349999999999994
784,Josiah,Alford,"Calle P, nº 57",37072,Calzada de Don Diego,Salamanca,2022-02-16 14:31:45,6,0.5,17.7,8.85
785,Reed,Park,"Calle F, nº 14",15085,Touro,Coruña,2022-01-20 14:45:46,6,3.0,20.1,60.300000000000004
786,Dustin,Charles,"Calle U, nº 84",44165,Nogueruelas,Teruel,2022-08-30 03:53:02,6,0.5,21.4,10.7
787,Georgia,Moore,"Calle S, nº 372",19314,Viana de Jadraque,Guadalajara,2022-02-11 00:07:11,6,3.0,17.3,51.900000000000006
788,Violet,Lucas,"Calle N, nº 253",47115,Peñaflor de Hornija,Valladolid,2022-01-12 06:56:43,6,1.25,21.8,27.25
789,Keegan,Hickman,"Calle E, nº 344",03092,Muro de Alcoy,Alicante,2022-05-09 08:24:26,6,5.0,25.9,129.5
790,Clarke,Hood,"Calle E, nº 273",28009,Algete,Madrid,2022-05-20 09:14:43,6,1.25,17.7,22.125
791,Dorothy,Burton,"Calle H, nº 142",13031,Carrión de Calatrava,Ciudad Real,2022-03-12 20:01:44,6,0.25,31.7,7.925
792,Angelica,Ellis,"Calle K, nº 29",19125,Gajanejos,Guadalajara,2022-11-13 17:08:58,6,2.0,16.2,32.4
793,Jared,Curry,"Calle Q, nº 129",09421,"Vid y Barrios, La",Burgos,2022-05-26 10:56:50,6,1.5,32.0,48.0
794,Shea,Melton,"Calle S, nº 318",17011,"Armentera, L'",Girona,2022-09-22 17:32:08,6,0.25,15.4,3.85
795,Madaline,Fulton,"Calle S, nº 382",16274,Víllora,Cuenca,2022-06-09 00:01:03,6,4.0,34.7,138.8
796,Cleo,Allen,"Calle P, nº 204",16177,Reíllo,Cuenca,2022-04-05 00:09:33,6,1.25,16.3,20.375
797,Naida,Douglas,"Calle E, nº 159",45103,Mohedas de la Jara,Toledo,2022-09-26 08:34:41,6,0.75,27.6,20.700000000000003
798,Duncan,Mclaughlin,"Calle O, nº 33",44156,Monteagudo del Castillo,Teruel,2022-03-07 04:20:42,6,5.0,21.4,107.0
799,Evelyn,Navarro,"Calle T, nº 288",11032,Sanlúcar de Barrameda,Cádiz,2022-04-08 00:45:27,6,1.5,22.9,34.349999999999994
800,Quemby,Bird,"Calle T, nº 62",09026,Arlanzón,Burgos,2022-01-18 17:02:05,6,0.75,15.3,11.475000000000001
801,Ramona,Hogan,"Calle H, nº 238",05217,San Miguel de Corneja,Ávila,2022-02-26 00:52:27,6,1.5,21.4,32.099999999999994
802,Claudia,Blake,"Calle I, nº 74",25039,Baix Pallars,Lleida,2022-05-06 18:27:19,6,1.0,19.8,19.8
803,Laura,Vaughn,"Calle A, nº 79",46243,Torrella,Valencia,2022-05-01 22:12:25,6,1.0,24.4,24.4
804,Walker,Sweeney,"Calle M, nº 297",42123,Morón de Almazán,Soria,2022-01-07 23:11:45,6,0.75,31.4,23.549999999999997
805,Alice,Velazquez,"Calle B, nº 162",05221,Santa Cruz del Valle,Ávila,2022-06-19 11:02:13,6,0.25,20.8,5.2
806,Herrod,Hughes,"Calle Z, nº 384",09117,"Cueva de Roa, La",Burgos,2022-07-30 01:23:14,6,3.0,31.1,93.30000000000001
807,Odysseus,Brennan,"Calle X, nº 372",31905,Beriáin,Navarra,2022-04-14 08:27:47,6,1.0,26.7,26.7
808,Lester,Gillespie,"Calle Q, nº 235",15005,Arteixo,Coruña,2022-01-05 11:53:51,6,4.0,22.8,91.2
809,Fallon,Holt,"Calle U, nº 3",12079,Montanejos,Castellón,2022-09-23 23:51:53,6,5.0,21.5,107.5
810,Ashely,Delacruz,"Calle P, nº 130",19325,Viñuelas,Guadalajara,2022-05-13 08:24:04,6,1.0,15.9,15.9
811,Hedley,Ramsey,"Calle F, nº 258",08183,Roda de Ter,Barcelona,2022-02-24 00:30:25,6,0.75,20.8,15.600000000000001
812,Byron,Ellison,"Calle H, nº 350",28082,Manzanares el Real,Madrid,2022-07-16 12:48:14,6,1.0,20.8,20.8
813,Ariel,Hunter,"Calle G, nº 53",24047,Castrocontrigo,León,2022-09-14 08:00:25,6,3.0,29.2,87.6
814,Kirk,Glover,"Calle Q, nº 302",10042,Campillo de Deleitosa,Cáceres,2022-10-25 08:51:39,6,0.75,34.1,25.575000000000003
815,Brett,Sandoval,"Calle G, nº 331",29006,Algatocín,Málaga,2022-04-22 05:59:20,6,1.5,17.7,26.549999999999997
816,Nicholas,Giles,"Calle E, nº 212",16123,Masegosa,Cuenca,2022-01-17 14:42:53,6,3.0,30.0,90.0
817,Robin,Chase,"Calle K, nº 183",13008,Alcubillas,Ciudad Real,2022-07-21 08:54:31,6,0.75,16.8,12.600000000000001
818,Cain,Ferguson,"Calle N, nº 319",17120,Palau-saverdera,Girona,2022-09-08 22:00:10,6,1.0,26.1,26.1
819,Willa,Black,"Calle T, nº 268",40056,Cobos de Fuentidueña,Segovia,2022-08-23 03:39:20,6,2.0,20.4,40.8
820,Jamal,Callahan,"Calle Y, nº 90",31177,Murieta,Navarra,2022-09-26 21:20:37,6,1.5,28.3,42.45
821,Boris,Bernard,"Calle V, nº 204",28173,Villamanrique de Tajo,Madrid,2022-12-09 19:12:18,6,0.75,29.9,22.424999999999997
822,Sawyer,Eaton,"Calle J, nº 5",15045,Mazaricos,Coruña,2022-01-23 22:48:55,6,1.25,19.4,24.25
823,Philip,Spence,"Calle F, nº 153",50269,Urrea de Jalón,Zaragoza,2022-08-06 06:02:29,6,4.0,30.3,121.2
824,Logan,Ellis,"Calle H, nº 105",42001,Abejar,Soria,2022-11-09 13:06:16,6,5.0,25.8,129.0
825,Ciaran,Baird,"Calle U, nº 70",37260,Puebla de Yeltes,Salamanca,2022-08-08 13:43:29,6,0.75,32.5,24.375
826,Aaron,Lane,"Calle H, nº 398",05190,Pozanco,Ávila,2022-10-26 14:56:47,6,1.25,27.2,34.0
827,Tad,Hodges,"Calle A, nº 282",32032,Xinzo de Limia,Ourense,2022-02-13 04:57:45,6,5.0,23.6,118.0
828,Evan,Burgess,"Calle N, nº 346",16159,Pinarejo,Cuenca,2022-05-26 08:23:02,6,5.0,34.8,174.0
829,Edward,Clay,"Calle N, nº 329",24215,Villamol,León,2022-12-20 11:30:25,6,0.75,22.3,16.725
830,Kylee,Mccarty,"Calle F, nº 158",09443,Villamayor de los Montes,Burgos,2022-02-27 06:45:26,6,2.0,28.8,57.6
831,Nathan,Woodard,"Calle A, nº 203",47097,Mota del Marqués,Valladolid,2022-09-08 04:58:42,6,0.5,25.0,12.5
832,Nyssa,Trujillo,"Calle J, nº 155",18033,Busquístar,Granada,2022-11-15 18:34:16,6,5.0,32.7,163.5
833,Eagan,Mckee,"Calle F, nº 311",15052,Muxía,Coruña,2022-02-21 14:51:21,6,0.5,31.5,15.75
834,Bert,Briggs,"Calle Y, nº 282",26142,San Vicente de la Sonsierra,La Rioja,2022-06-14 13:01:25,6,1.0,20.9,20.9
835,Nichole,Love,"Calle G, nº 293",13047,Herencia,Ciudad Real,2022-02-19 14:13:39,6,1.0,28.2,28.2
836,Velma,Cunningham,"Calle I, nº 378",07030,Llubí,Baleares,2022-05-28 04:32:13,6,5.0,18.4,92.0
837,Dorothy,Craft,"Calle A, nº 102",10207,Villa del Campo,Cáceres,2022-05-18 04:45:26,6,2.0,26.7,53.4
838,Dale,Huber,"Calle C, nº 135",13016,Almuradiel,Ciudad Real,2022-04-23 02:40:23,6,4.0,18.4,73.6
839,Dillon,Knox,"Calle A, nº 23",44036,Bea,Teruel,2022-04-10 18:58:07,6,1.0,34.0,34.0
840,Maggie,Calderon,"Calle P, nº 351",18105,Iznalloz,Granada,2022-02-15 02:02:07,6,0.75,27.3,20.475
841,Breanna,Campos,"Calle Z, nº 145",06013,Atalaya,Badajoz,2022-07-21 13:08:55,6,0.25,21.8,5.45
842,Burke,Perry,"Calle F, nº 376",47016,Benafarces,Valladolid,2022-03-31 20:55:16,6,0.25,18.4,4.6
843,Judith,Bird,"Calle P, nº 349",10115,Malpartida de Cáceres,Cáceres,2022-12-29 08:40:27,6,4.0,20.4,81.6
844,Amal,Stanley,"Calle U, nº 221",44010,Albentosa,Teruel,2022-08-20 23:01:49,6,0.25,29.4,7.35
845,Aimee,Hester,"Calle D, nº 42",46220,Sagunto/Sagunt,Valencia,2022-09-09 23:28:18,6,0.5,25.4,12.7
846,Shad,Hernandez,"Calle Z, nº 344",44210,Sarrión,Teruel,2022-04-26 22:57:41,6,0.5,19.4,9.7
847,Sylvia,Hubbard,"Calle J, nº 242",37034,"Arco, El",Salamanca,2022-01-17 20:59:22,6,0.5,31.2,15.6
848,Alfreda,Mcintosh,"Calle J, nº 135",40228,Villaverde de Íscar,Segovia,2022-09-21 00:44:49,6,0.25,17.3,4.325
849,Shaine,Contreras,"Calle R, nº 216",37002,Agallas,Salamanca,2022-07-22 06:05:01,6,1.25,28.5,35.625
850,Sacha,Knox,"Calle D, nº 355",14010,Benamejí,Córdoba,2022-12-09 00:47:51,6,2.0,19.9,39.8
851,Fuller,Griffin,"Calle P, nº 195",09363,Sasamón,Burgos,2022-11-17 14:38:36,6,2.0,34.3,68.6
852,Sacha,Hernandez,"Calle J, nº 264",31227,Tafalla,Navarra,2022-12-18 22:51:58,6,1.25,25.6,32.0
853,Alma,Colon,"Calle T, nº 364",16104,Hontecillas,Cuenca,2022-05-08 20:55:41,6,0.5,25.2,12.6
854,Halee,Terry,"Calle Q, nº 2",26025,Baños de Rioja,La Rioja,2022-10-10 12:11:11,6,5.0,22.4,112.0
855,Orli,Solis,"Calle E, nº 295",24004,Almanza,León,2022-03-16 06:03:38,6,0.25,34.7,8.675
856,Shellie,Mendez,"Calle B, nº 163",29030,"Borge, El",Málaga,2022-05-05 20:52:20,6,0.25,27.3,6.825
857,Carl,Farrell,"Calle N, nº 49",18068,Dílar,Granada,2022-04-26 09:29:11,6,5.0,24.6,123.0
858,Donovan,Hernandez,"Calle B, nº 64",12117,Torreblanca,Castellón,2022-05-08 07:15:34,6,0.75,34.8,26.099999999999998
859,Shelley,Sykes,"Calle K, nº 231",99999,Loiu,Not_Found,2022-11-04 15:54:30,6,5.0,33.8,169.0
860,Miranda,Cunningham,"Calle S, nº 178",04028,Bentarique,Almería,2022-07-18 11:53:02,6,2.0,27.6,55.2
861,Jennifer,Massey,"Calle C, nº 175",46041,Aras de los Olmos,Valencia,2022-02-20 18:30:24,6,0.5,19.5,9.75
862,Rhiannon,Murphy,"Calle U, nº 125",19055,Bujalaro,Guadalajara,2022-01-20 02:33:37,6,5.0,17.8,89.0
863,Anthony,Watson,"Calle X, nº 259",14026,Espiel,Córdoba,2022-10-11 06:34:37,6,4.0,15.2,60.8
864,Alexander,Hendrix,"Calle P, nº 123",20073,Usurbil,Gipuzkoa,2022-10-18 00:26:02,6,2.0,33.7,67.4
865,Cora,Kent,"Calle V, nº 88",29022,Benadalid,Málaga,2022-02-02 02:42:53,6,2.0,24.5,49.0
866,Griffin,Valencia,"Calle T, nº 71",31147,Legarda,Navarra,2022-10-27 23:44:57,6,1.5,19.1,28.650000000000002
867,Laith,Dennis,"Calle H, nº 340",10083,Garvín,Cáceres,2022-06-22 14:17:19,6,0.5,16.7,8.35
868,Guinevere,Wooten,"Calle X, nº 313",43172,Vilaverd,Tarragona,2022-12-29 06:40:12,6,4.0,28.9,115.6
869,Vivien,Wiggins,"Calle T, nº 141",25008,Albesa,Lleida,2022-11-24 22:11:59,6,0.5,26.4,13.2
870,Kelly,Wynn,"Calle U, nº 163",28073,Humanes de Madrid,Madrid,2022-10-16 21:34:15,6,4.0,22.6,90.4
871,Thor,Erickson,"Calle D, nº 11",40082,Fuente de Santa Cruz,Segovia,2022-10-25 00:36:54,6,0.5,32.7,16.35
872,Farrah,Poole,"Calle C, nº 136",37268,"Rinconada de la Sierra, La",Salamanca,2022-10-25 10:30:14,6,1.5,17.8,26.700000000000003
873,Demetrius,Adkins,"Calle T, nº 350",46081,Canals,Valencia,2022-10-24 18:26:59,6,5.0,27.9,139.5
874,Amery,Abbott,"Calle W, nº 55",14033,Guadalcázar,Córdoba,2022-03-31 11:25:35,5,3.0,21.5,64.5
875,Mannix,Lambert,"Calle T, nº 208",07053,Santa Eugènia,Baleares,2022-12-27 00:24:28,5,1.0,32.1,32.1
876,Quon,Ross,"Calle F, nº 287",39050,Pesaguero,Cantabria,2022-06-07 02:47:27,5,0.75,20.0,15.0
877,Bruce,Burgess,"Calle R, nº 334",40040,Cantalejo,Segovia,2022-11-02 22:50:56,5,4.0,35.0,140.0
878,Kieran,Lott,"Calle A, nº 288",50188,Nombrevilla,Zaragoza,2022-05-09 17:46:25,5,0.5,29.1,14.55
879,Tashya,Mayer,"Calle S, nº 353",19259,Somolinos,Guadalajara,2022-05-12 05:36:15,5,5.0,22.0,110.0
880,Sara,Hopkins,"Calle C, nº 119",09074,Cardeñajimeno,Burgos,2022-02-27 00:53:29,5,0.25,16.4,4.1
881,Cameron,Lawson,"Calle S, nº 195",03041,Benissa,Alicante,2022-06-16 09:46:25,5,2.0,21.1,42.2
882,Xena,Ball,"Calle P, nº 319",50063,"Buste, El",Zaragoza,2022-06-21 22:31:35,5,4.0,27.5,110.0
883,Zeph,Mccormick,"Calle P, nº 152",05158,Navalmoral,Ávila,2022-12-11 18:35:40,5,1.5,15.1,22.65
884,Ryder,Cruz,"Calle O, nº 236",08194,Sant Adrià de Besòs,Barcelona,2022-04-04 23:53:37,5,1.25,34.9,43.625
885,Oliver,Clemons,"Calle J, nº 94",42019,Almarza,Soria,2022-05-23 02:10:20,5,0.25,28.1,7.025
886,Brady,Cline,"Calle N, nº 51",46151,Llocnou d'En Fenollet,Valencia,2022-07-10 19:04:56,5,1.0,16.1,16.1
887,Jesse,Combs,"Calle P, nº 314",25120,Lleida,Lleida,2022-11-17 02:55:27,5,4.0,28.7,114.8
888,Mallory,Daniels,"Calle S, nº 264",34123,Paredes de Nava,Palencia,2022-09-07 16:32:58,5,0.5,23.6,11.8
889,Kirsten,Gardner,"Calle R, nº 222",43127,Riudecanyes,Tarragona,2022-09-12 19:41:54,5,0.5,15.4,7.7
890,Berk,Holden,"Calle G, nº 298",19243,Rueda de la Sierra,Guadalajara,2022-12-11 20:52:02,5,0.5,28.5,14.25
891,Yael,Watkins,"Calle Q, nº 386",50131,Jaulín,Zaragoza,2022-11-26 14:50:10,5,1.0,24.8,24.8
892,Merritt,Bean,"Calle S, nº 230",29070,Mijas,Málaga,2022-08-24 22:16:19,5,4.0,33.9,135.6
893,Aaron,Rodgers,"Calle B, nº 396",39097,Vega de Pas,Cantabria,2022-01-29 12:01:05,5,1.5,22.6,33.900000000000006
894,Imani,Tillman,"Calle D, nº 224",05238,Solosancho,Ávila,2022-06-05 10:08:42,5,3.0,15.9,47.7
895,Kelly,Hinton,"Calle S, nº 176",07007,Banyalbufar,Baleares,2022-01-25 12:23:23,5,0.75,29.4,22.049999999999997
896,Dana,Sykes,"Calle E, nº 165",17190,Serinyà,Girona,2022-07-06 04:21:31,5,0.5,34.4,17.2
897,Uta,Franco,"Calle K, nº 187",25047,Bellcaire d'Urgell,Lleida,2022-11-13 02:44:54,5,5.0,34.5,172.5
898,Denise,Rodriguez,"Calle H, nº 285",19251,Saúca,Guadalajara,2022-10-25 21:21:12,5,5.0,15.7,78.5
899,Keefe,Doyle,"Calle M, nº 271",44201,Rubielos de Mora,Teruel,2022-03-05 11:32:56,5,0.75,22.6,16.950000000000003
900,Madison,Flynn,"Calle O, nº 4",06092,Nogales,Badajoz,2022-01-17 04:01:37,5,0.75,31.6,23.700000000000003
901,Kareem,Boone,"Calle E, nº 30",02024,Casas-Ibáñez,Albacete,2022-07-02 15:30:29,5,0.75,20.7,15.524999999999999
902,Inez,Fischer,"Calle R, nº 184",40155,Palazuelos de Eresma,Segovia,2022-03-18 08:34:39,5,2.0,34.9,69.8
903,Sydnee,Huffman,"Calle K, nº 54",47081,Marzales,Valladolid,2022-11-11 07:09:40,5,1.25,28.8,36.0
904,Kieran,Downs,"Calle R, nº 110",08189,Sant Pere Sallavinera,Barcelona,2022-11-13 19:57:57,5,3.0,31.5,94.5
905,Galvin,Simpson,"Calle G, nº 140",22094,Chalamera,Huesca,2022-06-10 03:11:38,5,1.25,20.8,26.0
906,Juliet,Morgan,"Calle A, nº 399",18096,Huélago,Granada,2022-01-27 10:47:06,5,2.0,16.1,32.2
907,Nathan,Baxter,"Calle C, nº 122",12008,Algimia de Almonacid,Castellón,2022-03-24 11:08:10,5,2.0,28.2,56.4
908,Giacomo,Whitley,"Calle Y, nº 362",44236,Tronchón,Teruel,2022-08-05 05:33:56,5,4.0,17.6,70.4
909,Kennan,Pittman,"Calle B, nº 101",31108,Fustiñana,Navarra,2022-05-13 20:15:13,5,0.25,33.4,8.35
910,August,Snow,"Calle W, nº 319",37359,Villar de la Yegua,Salamanca,2022-12-09 01:58:00,5,0.25,26.5,6.625
911,Ralph,Best,"Calle N, nº 56",40146,Navas de San Antonio,Segovia,2022-08-05 23:28:39,5,5.0,20.8,104.0
912,Eric,Middleton,"Calle H, nº 348",03071,Gata de Gorgos,Alicante,2022-06-28 00:22:25,5,4.0,30.1,120.4
913,Ferris,Phillips,"Calle B, nº 373",46904,Benicull de Xúquer,Valencia,2022-11-06 23:54:27,5,2.0,34.4,68.8
914,Georgia,O'brien,"Calle O, nº 191",09243,Padilla de Arriba,Burgos,2022-01-22 21:28:47,5,4.0,21.9,87.6
915,Rajah,Delaney,"Calle F, nº 178",08043,Canyelles,Barcelona,2022-05-26 17:06:13,5,4.0,15.0,60.0
916,Dawn,Everett,"Calle V, nº 120",19218,Pinilla de Jadraque,Guadalajara,2022-04-29 15:10:42,5,3.0,23.3,69.9
917,Bertha,Valencia,"Calle W, nº 50",31154,Lezaun,Navarra,2022-08-26 14:02:10,5,1.25,24.9,31.125
918,Desirae,Douglas,"Calle J, nº 62",31124,Ibargoiti,Navarra,2022-07-16 05:45:38,5,1.25,21.5,26.875
919,September,Bryant,"Calle W, nº 132",43047,Constantí,Tarragona,2022-08-16 20:28:21,5,0.5,23.9,11.95
920,Hadley,Peterson,"Calle R, nº 391",38008,Breña Alta,Santa Cruz de Tenerife,2022-05-18 15:07:14,5,3.0,18.7,56.099999999999994
921,Riley,Mcintosh,"Calle C, nº 63",41056,"Luisiana, La",Sevilla,2022-12-09 23:34:04,5,0.75,23.2,17.4
922,Omar,Boyd,"Calle S, nº 357",42184,Torlengua,Soria,2022-12-08 15:39:51,5,1.5,17.7,26.549999999999997
923,Theodore,Clayton,"Calle C, nº 74",09105,Ciruelos de Cervera,Burgos,2022-10-21 05:21:05,5,1.5,22.3,33.45
924,Richard,Butler,"Calle U, nº 336",45166,Tembleque,Toledo,2022-09-18 20:14:42,5,1.5,28.1,42.150000000000006
925,Sade,Ware,"Calle J, nº 285",22016,Alcampell,Huesca,2022-05-10 09:08:14,5,3.0,29.6,88.80000000000001
926,Ainsley,Spence,"Calle W, nº 313",09906,Merindad de Río Ubierna,Burgos,2022-01-28 00:55:20,5,4.0,26.4,105.6
927,Dean,Faulkner,"Calle L, nº 245",19017,Algora,Guadalajara,2022-02-16 21:08:18,5,1.5,16.6,24.900000000000002
928,Brynn,James,"Calle F, nº 356",49273,Viñas,Zamora,2022-01-16 19:47:33,5,0.25,15.7,3.925
929,Zahir,Dale,"Calle O, nº 283",46259,Villargordo del Cabriel,Valencia,2022-11-09 07:11:09,5,0.25,17.9,4.475
930,Garth,Monroe,"Calle L, nº 121",50007,Aladrén,Zaragoza,2022-06-17 09:12:05,5,2.0,32.6,65.2
931,Britanney,Decker,"Calle R, nº 95",03106,Planes,Alicante,2022-05-19 15:26:43,5,0.5,21.9,10.95
932,Travis,Bell,"Calle T, nº 94",38039,Santa Úrsula,Santa Cruz de Tenerife,2022-05-29 02:16:50,5,1.25,20.0,25.0
933,Hashim,Horne,"Calle S, nº 180",01034,Leza,Álava,2022-03-17 09:04:32,5,1.5,33.2,49.800000000000004
934,Mari,Griffin,"Calle B, nº 61",23097,Villanueva del Arzobispo,Jaén,2022-05-31 08:39:46,5,1.5,17.6,26.400000000000002
935,Benedict,Spence,"Calle K, nº 232",46133,Gestalgar,Valencia,2022-07-21 08:45:53,5,1.0,25.7,25.7
936,Caleb,Alford,"Calle H, nº 16",45119,Numancia de la Sagra,Toledo,2022-07-22 18:51:56,5,0.75,27.3,20.475
937,Germaine,Woods,"Calle C, nº 397",37218,Navamorales,Salamanca,2022-05-22 20:34:02,5,0.75,23.8,17.85
938,Raymond,Terry,"Calle B, nº 72",31011,Allín/Allin,Navarra,2022-10-19 12:33:04,5,1.0,19.4,19.4
939,Tucker,Lowery,"Calle E, nº 301",05901,San Juan de Gredos,Ávila,2022-10-14 20:51:41,5,0.25,20.4,5.1
940,Unity,Blair,"Calle Q, nº 265",08269,Seva,Barcelona,2022-01-26 05:33:22,5,0.25,30.4,7.6
941,Dacey,Holt,"Calle E, nº 278",08203,Sant Cebrià de Vallalta,Barcelona,2022-12-22 18:59:54,5,2.0,32.2,64.4
942,Christian,Mckenzie,"Calle C, nº 300",31216,Sangüesa/Zangoza,Navarra,2022-02-14 09:45:05,5,5.0,20.5,102.5
943,Emmanuel,Wise,"Calle D, nº 356",26101,Muro en Cameros,La Rioja,2022-11-29 18:04:21,5,0.25,26.0,6.5
944,Cameron,Wheeler,"Calle R, nº 143",39010,Bárcena de Pie de Concha,Cantabria,2022-02-15 22:28:36,5,1.0,18.5,18.5
945,Erin,Clarke,"Calle Q, nº 183",48066,Morga,Bizkaia,2022-12-13 22:53:45,5,3.0,15.1,45.3
946,Driscoll,Tanner,"Calle W, nº 218",45071,"Guardia, La",Toledo,2022-12-24 04:56:38,5,2.0,20.4,40.8
947,Talon,Stanley,"Calle Y, nº 27",09287,Quintanaortuño,Burgos,2022-06-10 18:29:54,5,0.75,30.2,22.65
948,Nell,Yang,"Calle S, nº 225",20006,Alkiza,Gipuzkoa,2022-02-08 02:25:30,5,5.0,30.3,151.5
949,Quinn,Spencer,"Calle M, nº 52",17211,Verges,Girona,2022-01-20 07:12:39,5,0.75,31.9,23.924999999999997
950,Deirdre,Cabrera,"Calle Q, nº 74",44129,Jatiel,Teruel,2022-06-17 16:20:41,5,0.75,27.7,20.775
951,Jessamine,Calderon,"Calle N, nº 304",06100,Peñalsordo,Badajoz,2022-03-15 15:19:26,5,3.0,26.9,80.69999999999999
952,Griffith,Adkins,"Calle J, nº 77",32053,Oímbra,Ourense,2022-04-08 13:38:49,5,0.5,26.1,13.05
953,Zeph,Farmer,"Calle W, nº 19",40191,Santo Tomé del Puerto,Segovia,2022-05-22 13:18:34,5,0.5,34.3,17.15
954,Salvador,Frazier,"Calle U, nº 123",05038,Bonilla de la Sierra,Ávila,2022-12-08 03:52:38,5,5.0,33.3,166.5
955,Harlan,Hansen,"Calle K, nº 234",06131,Torre de Miguel Sesmero,Badajoz,2022-04-15 05:55:21,5,1.0,34.7,34.7
956,Audra,Watts,"Calle U, nº 189",22106,Fago,Huesca,2022-04-26 13:26:59,5,0.25,22.6,5.65
957,Wilma,Hunt,"Calle Z, nº 392",49122,Monfarracinos,Zamora,2022-01-22 16:50:01,5,3.0,34.1,102.30000000000001
958,Paul,Landry,"Calle M, nº 344",38025,"Matanza de Acentejo, La",Santa Cruz de Tenerife,2022-03-27 15:54:30,5,3.0,27.4,82.19999999999999
959,William,Cooke,"Calle I, nº 376",46160,Manuel,Valencia,2022-05-22 12:03:22,5,3.0,34.1,102.30000000000001
960,Charles,Perkins,"Calle F, nº 61",02063,Pozohondo,Albacete,2022-07-04 21:18:45,5,0.75,25.2,18.9
961,Mari,Spencer,"Calle X, nº 268",45087,Madridejos,Toledo,2022-07-15 05:53:00,5,1.25,32.2,40.25
962,Scott,Farmer,"Calle Y, nº 329",22024,Alquézar,Huesca,2022-06-16 10:00:31,5,3.0,23.1,69.30000000000001
963,Bert,Burgess,"Calle V, nº 274",09396,Tubilla del Lago,Burgos,2022-08-01 08:21:19,5,0.25,16.8,4.2
964,Scarlet,Stokes,"Calle D, nº 11",23071,Puente de Génave,Jaén,2022-12-29 05:33:24,5,1.0,26.3,26.3
965,Cherokee,Erickson,"Calle R, nº 384",22083,Castejón de Monegros,Huesca,2022-08-27 04:59:54,5,1.0,26.1,26.1
966,Davis,Castaneda,"Calle Q, nº 273",37275,Saldeana,Salamanca,2022-09-28 09:54:41,5,1.25,30.6,38.25
967,Emily,Mccoy,"Calle U, nº 320",05229,Santo Domingo de las Posadas,Ávila,2022-09-26 11:37:58,5,2.0,21.6,43.2
968,Octavius,Manning,"Calle C, nº 61",09056,Briviesca,Burgos,2022-04-12 16:08:16,5,5.0,30.9,154.5
969,Arsenio,Bullock,"Calle T, nº 28",04034,Cóbdar,Almería,2022-06-20 00:56:25,5,1.25,30.6,38.25
970,Adrienne,Shelton,"Calle M, nº 381",49165,Prado,Zamora,2022-04-03 16:13:40,5,4.0,30.8,123.2
971,Hannah,Morrow,"Calle L, nº 365",39066,Ruente,Cantabria,2022-09-08 00:41:09,5,1.0,21.5,21.5
972,Abraham,Williams,"Calle R, nº 114",22126,Ibieca,Huesca,2022-07-16 04:00:58,5,1.5,23.9,35.849999999999994
973,Bruce,Kirby,"Calle N, nº 147",99999,Bimenes,Not_Found,2022-01-20 15:57:57,5,0.5,18.1,9.05
974,Flynn,Mueller,"Calle W, nº 134",25027,Anglesola,Lleida,2022-06-10 05:17:42,5,1.5,18.3,27.450000000000003
975,Duncan,Newman,"Calle N, nº 378",46127,"Font d'En Carròs, la",Valencia,2022-09-26 05:01:59,5,4.0,29.4,117.6
976,April,Tate,"Calle C, nº 84",46184,Ontinyent,Valencia,2022-06-03 21:06:21,5,4.0,29.4,117.6
977,Myra,Madden,"Calle H, nº 361",16151,Paredes,Cuenca,2022-02-24 22:46:13,5,3.0,17.3,51.900000000000006
978,Nathaniel,Cooley,"Calle C, nº 230",38016,Garafía,Santa Cruz de Tenerife,2022-02-17 09:54:28,5,4.0,33.8,135.2
979,Dorothy,Moreno,"Calle U, nº 200",19047,Baides,Guadalajara,2022-09-24 08:47:55,5,5.0,18.8,94.0
980,Hyacinth,Hines,"Calle L, nº 19",42035,Berlanga de Duero,Soria,2022-03-02 21:26:18,5,0.75,15.5,11.625
981,Xenos,Chapman,"Calle T, nº 397",05008,Aldeaseca,Ávila,2022-03-23 23:58:16,5,1.0,24.8,24.8
982,Kessie,Battle,"Calle N, nº 121",34062,Congosto de Valdavia,Palencia,2022-08-12 10:32:49,5,0.75,16.1,12.075000000000001
983,Charity,Delaney,"Calle S, nº 31",11041,Villamartín,Cádiz,2022-12-28 03:15:41,5,5.0,31.4,157.0
984,Elvis,Flores,"Calle G, nº 282",34112,Nogal de las Huertas,Palencia,2022-11-28 05:54:31,5,5.0,30.5,152.5
985,Josiah,Hicks,"Calle N, nº 344",12061,Forcall,Castellón,2022-12-05 06:59:24,5,1.25,29.0,36.25
986,Kaitlin,Cantrell,"Calle B, nº 7",16199,Solera de Gabaldón,Cuenca,2022-10-24 06:00:33,5,0.25,26.0,6.5
987,Anastasia,Atkins,"Calle I, nº 220",50055,Borja,Zaragoza,2022-07-25 13:25:46,5,1.25,28.4,35.5
988,Drake,Waller,"Calle Q, nº 85",34140,"Puebla de Valdavia, La",Palencia,2022-06-19 08:50:03,5,1.0,20.2,20.2
989,Rana,Underwood,"Calle B, nº 154",04085,Somontín,Almería,2022-02-08 04:39:34,5,2.0,24.5,49.0
990,Baxter,Parker,"Calle T, nº 32",08219,Vilassar de Mar,Barcelona,2022-10-18 19:25:27,5,0.5,26.0,13.0
991,Stephen,Barlow,"Calle Q, nº 259",06042,Cheles,Badajoz,2022-03-15 04:30:30,5,3.0,32.8,98.39999999999999
992,Willa,Mueller,"Calle G, nº 244",14018,"Carpio, El",Córdoba,2022-04-22 00:52:59,5,1.25,15.3,19.125
993,Wyoming,Campos,"Calle G, nº 114",22162,Novales,Huesca,2022-12-27 15:39:02,5,3.0,31.0,93.0
